2418 3854
1231 149 1312 210 42

313 324 663 394 cernebatur,
698 333 921 396 ¹captum
952 324 1066 377 eius
1094 323 1315 392 librum,
1361 324 1451 397 qui
1473 326 1876 392 ·,',Jerusalem“
1904 327 2228 396 inscribitur,

312 409 633 465 admiratum
683 429 829 478 esse,
886 429 1126 482 eumquev
1167 410 1356 478 talem,
1413 411 1503 483 qui
1558 410 1816 484 redargui
1870 432 1976 466 non
2025 423 2227 486 potest,

313 497 511 557 dixisse
552 497 888 569 accepimus3
933 494 1158 570 (Jacobi
1193 497 1286 564 IV,
1313 498 1369 564 3,
1395 495 1566 571 142.)
1598 497 1686 551 -ita
1726 507 1789 551 ut
1829 501 1919 572 qui
1963 519 2085 555 eum
2126 500 2224 555 im-

310 603 559 659 pugnare
602 602 667 637 ac
709 579 947 638 refutare
989 582 1165 651 vellet,
1208 583 1425 636 nimium
1454 582 1660 636 audere
1691 578 1978 643 videretur.
2023 587 2223 647 Quam-

310 672 500 726 obrem
542 671 875 737 HamannUS,
916 677 976 722 ut
1018 669 1150 723 tanti
1173 669 1273 721 viri
1317 687 1532 722 errores
1576 666 1805 725 feliciter
1841 669 2128 746 detegeret
2159 691 2224 727 ac

309 755 586 824 refutaret,
628 755 892 828 principia
929 755 1044 808 eius
1076 754 1444 826 impugnando
1467 773 1575 807 non
1601 764 1807 809 tantum
1836 772 2059 815 necesse
2081 771 2224 826 erat,

309 842 651 910 ostenderet,
706 862 765 895 se
808 841 1038 913 penitius
1079 840 1169 893 illo
1213 840 1267 893 in
1308 839 1681 913 philosophiae
1723 851 1984 898 naturam
2008 844 2225 920 inquisi-

307 931 478 997 visse,
530 947 716 983 verum
772 928 931 981 etiam
986 934 1321 999 quantopere
1373 927 1447 981 illi
1500 928 1812 1001 cognitione
1854 928 2224 1003 philosophiae

304 1023 634 1090 praestaret,
690 1014 971 1068 declarare
1022 1011 1258 1068 debebat
1310 1021 1369 1067 et
1407 1012 1622 1068 fortiter
1662 1034 1964 1089 secureque
2006 1017 2063 1070 in
2103 1036 2223 1073 are-

303 1122 429 1156 nam
471 1099 874 1167 descendendo,
920 1107 975 1152 et
1015 1099 1274 1171 peculiari
1316 1101 1604 1173 nativoque
1639 1102 1911 1156 scribendi
1938 1114 2226 1176 genereet

304 1189 537 1261 denique
581 1207 650 1242 ne
692 1186 1101 1259 relinqueretur.
1129 1186 1348 1259 ignotus
1390 1206 1528 1241 neve
1562 1187 2224 1261 vilipenderetursublimi

296 1284 359 1340 ret
400 1285 459 1330 ut
500 1275 576 1329 ita
619 1273 815 1341 dicam,
849 1273 1174 1344 prophetica
1198 1278 1484 1347 oratione,
1510 1271 1629 1348 -.(H
1654 1275 1711 1330 S.
1738 1275 2082 1352 VH,‘126.)-
2114 1296 2223 1350 qua

285 1362 481 1435 *operis
541 1361 623 1416 sui
676 1359 1130 1415 immortalitatem
1185 1361 1335 1432 quasi
1389 1371 1833 1434 praeconaretur.
1923 1362 2226 1436 Ignorabat

299 1450 441 1504 enim
482 1467 661 1522 neque
703 1455 838 1521 quot
879 1446 1016 1502 liber
1047 1466 1163 1500 ase
1199 1446 1374 1502 editus
1398 1447 1740 1503 adversarios
1763 1456 2223 1518 nacturus-esset,

296 1555 474 1609 neque
519 1554 659 1610 quae
715 1541 860 1588 esset
914 1553 1034 1588 sors
1085 1533 1373 1602 librorum,
1429 1535 1628 1608 quippe
1681 1554 1912 1609 quorum
1953 1535 2039 1593 vel
2081 1536 2220 1610 opti-

295 1642 507 1677 morum
549 1630 664 1676 tum
684 1620 832 1694 apud
856 1619 1109 1693 aequales
1151 1622 1462 1690 auctoritaS,
1506 1631 1620 1676 tum
1653 1621 1800 1696 apud
1830 1631 2082 1695 posteros
2106 1636 2220 1680 me-

295 1710 469 1764 moria
519 1706 668 1762 haud
718 1726 845 1761 raro
910 1693 1159 1762 fortunae
1225 1707 1565 1763 solummodo
1622 1717 1678 1764 et
1734 1710 1884 1764 casui
1937 1718 2097 1764 esset¹
2122 1709 2219 1765 tri-

293 1795 538 1865 buenda,
594 1802 851 1868 quantum
903 1794 1074 1868 igitur
1124 1795 1356 1866 optimus
1409 1795 1635 1868 quisque
1686 1796 1920 1869 scriptor
1959 1795 2255 1867 librorum*

292 1902 512 1937 suorum
556 1882 852 1936 memoriae
901 1879 1192 1954 providere
1244 1880 1489 1936 deberet.
1574 1882 1770 1956 Neque
1821 1892 2000 1939 tamen
2042 1882 2218 1953 huius,

293 1989 433 2044 quae
486 1970 745 2023 librorum
798 1987 918 2021 esse
971 1966 1137 2036 solet,
1202 1968 1391 2036 sortiS,
1459 1970 1698 2042 quamvis
1762 1969 2219 2044 magniloquentia

291 2057 525 2132 quadam
568 2075 696 2111 usus
729 2074 963 2128 unquam
1007 2054 1203 2108 oblitus
1237 2064 1336 2123 est,
1378 2055 1453 2123 id,
1497 2055 1645 2128 quod
1679 2055 1803 2110 ¹aliis
1826 2056 2216 2129 praetermissis

291 2145 518 2217 colligas
563 2163 631 2197 ex
673 2143 765 2211 iis,
821 2161 960 2215 quae
1016 2141 1260 2214 Operum
1303 2151 1432 2197 tom.
1476 2142 1591 2210 III,
1638 2144 1736 2198 54.
1780 2143 2019 2216 scripsit=
2061 2143 2216 2212 „Von

289 2231 438 2301 „der
479 2231 670 2285 Dauer
713 2228 824 2282 und
864 2228 1137 2302 Wirkung
1179 2229 1385 2283 meiner
1408 2226 1678 2283 Schriften
1723 2229 1962 2288 schwebt
2001 2230 2104 2287 mir
2125 2229 2214 2284 bei

288 2318 474 2388 „allen
530 2317 834 2389 Abnungen
905 2314 1006 2370 der
1058 2315 1519 2374 Unsterblichkeit
1578 2315 1722 2372 doch
1789 2317 1875 2375 ein
1939 2316 2212 2374 Memento

287 2406 474 2475 „mori
517 2407 669 2459 πῖθι-,ίί
711 2435 797 2443 --
2115 2456 2118 2460 .

395 2492 513 2546 Iam
555 2491 679 2559 hoc,
704 2509 885 2563 *quem
930 2488 1156 2542 diximus
1200 2496 1463 2561 apparatu
1507 2489 1796 2549 instructus
1841 2487 2211 2548 Mendelssoh-

287 2599 414 2633 num
455 2578 944 2651 ingeniosissimum
984 2574 1545 2649 elegantissimumque
1596 2575 2028 2648 philosophicae,
2065 2595 2212 2650 quae

286 2675 415 2729 tunc
439 2664 841 2738 praeplacebat,
885 2661 1198 2734 disciplinae
1240 2672 1704 2735 propugnatorem
1741 2660 1898 2737 (vide
1920 2661 2208 2719 MendeISS.

285 2750 779 2826 Morgenstunden,
832 2747 1108 2818 Vorrede,
1164 2748 1255 2802 ubi
1299 2748 1436 2809 haec
1480 2748 1550 2802 de
1593 2769 1652 2804 se
1695 2750 1813 2822 ipso
1858 2747 2070 2823 profert
2107 2743 2211 2806 Μ.Ξ

285 2840 511 2909 „Meine
564 2836 916 2908 Philosophie
970 2834 1064 2889 hat
1115 2834 1255 2888 noch
1311 2834 1577 2889 allzusehr
1630 2836 1735 2890 den
1777 2836 2014 2903 „Geruch
2046 2833 2208 2909 jener

286 2925 548 2995 „Schule,
591 2924 643 2978 in
672 2923 772 2978 der
802 2922 892 2976 ich
924 2921 1066 2975 mich
1098 2921 1340 2995 gebildet
1370 2921 1510 2977 habe
1542 2922 1649 2977 und
1684 2923 1772 2978 die
1807 2923 1860 2977 in
1893 2923 1994 2978 der
2025 2931 2204 2976 ersten

286 3010 518 3082 „Hiilfte
563 3010 660 3065 des
701 3002 1096 3066 Jahrhunderts
1139 3007 1407 3063 vielleicht
1450 3008 1589 3066 allzu
1632 3009 2033 3083 eigenmiichtig
2051 3007 2202 3065 herr-

284 3099 492 3170 „schen
535 3097 800 3172 wollte.“)
847 3114 1142 3169 aggressus
1187 3104 1269 3150 est
1309 3097 1642 3151 HamannuS.
1709 3097 1876 3151 Cuius
1909 3095 2204 3155 adversarii

282 3195 528 3241 naturam
570 3184 712 3237 bene
755 3203 814 3236 se
867 3182 1206 3254 perspexisse
1249 3181 1545 3237 declaravit
1582 3184 1679 3253 iis,
1734 3202 1872 3256 quae
1922 3180 1992 3239 de
2036 3200 2102 3235 eo
2147 3182 2200 3235 in

281 3274 592 3329 universum
635 3269 769 3323 dixit
800 3269 1032 3323 haecce:
2168 3339 2178 3345 „

452 3358 552 3412 Mit
596 3354 721 3414 dem
745 3354 1070 3409 Blendwerk
1115 3354 1489 3410 daedalischer
1511 3354 1847 3427 Sophisterei
1885 3352 2020 3407 stahl
2047 3351 2197 3409 Men'·

350 3443 618 3502 -delssohn
675 3442 772 3500 das
827 3443 980 3495 Herz
1034 3440 1144 3495 und
1201 3439 1291 3496 die
1340 3440 1763 3514 Bewunderung
1816 3440 1917 3494 der
1972 3441 2196 3498 meisteu

362 3534 540 3589 Leser
583 3527 747 3606 (VII,
783 3525 929 3603 12.)
