<?xml version="1.0" encoding="UTF-8"?>
<!DOCTYPE html PUBLIC "-//W3C//DTD XHTML 1.0 Transitional//EN"
    "http://www.w3.org/TR/xhtml1/DTD/xhtml1-transitional.dtd">
<html xmlns="http://www.w3.org/1999/xhtml" xml:lang="en" lang="en">
 <head>
  <title>
</title>
<meta http-equiv="Content-Type" content="text/html;charset=utf-8" />
  <meta name='ocr-system' content='tesseract 3.04.00' />
  <meta name='ocr-capabilities' content='ocr_page ocr_carea ocr_par ocr_line ocrx_word'/>
</head>
<body>
  <div class='ocr_page' id='page_1' title='image "./dehamannivitaets00baue_0071.png"; bbox 0 0 2418 3854; ppageno 0'>
   <div class='ocr_carea' id='block_1_1' title="bbox 1116 237 1256 298">
    <p class='ocr_par' dir='ltr' id='par_1_1' title="bbox 1116 237 1256 298">
     <span class='ocr_line' id='line_1_1' title="bbox 1116 237 1256 298; baseline -0.014 0"><span class='ocrx_word' id='word_1_1' title='bbox 1116 237 1256 298; x_wconf 77' lang='lat'><strong>67·</strong></span> 
     </span>
    </p>
   </div>
   <div class='ocr_carea' id='block_1_2' title="bbox 555 442 1761 590">
    <p class='ocr_par' dir='ltr' id='par_1_2' title="bbox 555 442 1761 590">
     <span class='ocr_line' id='line_1_2' title="bbox 555 442 1761 590; baseline -0.002 -32"><span class='ocrx_word' id='word_1_2' title='bbox 555 442 1172 560; x_wconf 70' lang='lat' dir='ltr'><strong>TflnonoelA</strong></span> <span class='ocrx_word' id='word_1_3' title='bbox 1222 487 1761 590; x_wconf 81' lang='lat' dir='ltr'><strong>HAMANNI.</strong></span> 
     </span>
    </p>
   </div>
   <div class='ocr_carea' id='block_1_3' title="bbox 196 673 2224 2917">
    <p class='ocr_par' dir='ltr' id='par_1_3' title="bbox 196 673 2224 2917">
     <span class='ocr_line' id='line_1_3' title="bbox 249 673 2126 754; baseline -0.003 -21"><span class='ocrx_word' id='word_1_4' title='bbox 249 687 252 690; x_wconf 54' lang='lat'><strong>⁴</strong></span> <span class='ocrx_word' id='word_1_5' title='bbox 309 673 486 740; x_wconf 82' lang='lat' dir='ltr'><strong>Quum</strong></span> <span class='ocrx_word' id='word_1_6' title='bbox 518 676 650 734; x_wconf 84' lang='lat' dir='ltr'><strong>vero</strong></span> <span class='ocrx_word' id='word_1_7' title='bbox 671 680 987 734; x_wconf 88' lang='lat' dir='ltr'><strong>Hamannus</strong></span> <span class='ocrx_word' id='word_1_8' title='bbox 1017 679 1073 733; x_wconf 88' lang='lat' dir='ltr'><strong>in</strong></span> <span class='ocrx_word' id='word_1_9' title='bbox 1094 678 1452 754; x_wconf 74' lang='lat' dir='ltr'>philosophia,</span> <span class='ocrx_word' id='word_1_10' title='bbox 1483 698 1643 754; x_wconf 86' lang='lat' dir='ltr'><strong>quam</strong></span> <span class='ocrx_word' id='word_1_11' title='bbox 1663 676 1853 733; x_wconf 89' lang='lat' dir='ltr'><strong>Kantii</strong></span> <span class='ocrx_word' id='word_1_12' title='bbox 1879 684 2126 748; x_wconf 86' lang='lat' dir='ltr'><strong>tempore</strong></span> 
     </span>
     <span class='ocr_line' id='line_1_4' title="bbox 196 759 2127 842; baseline -0.004 -22"><span class='ocrx_word' id='word_1_13' title='bbox 196 766 524 842; x_wconf 85' lang='lat' dir='ltr'><strong>gravissimis</strong></span> <span class='ocrx_word' id='word_1_14' title='bbox 539 807 556 834; x_wconf 89' lang='lat'><strong>,</strong></span> <span class='ocrx_word' id='word_1_15' title='bbox 612 785 751 838; x_wconf 89' lang='lat' dir='ltr'><strong>quae</strong></span> <span class='ocrx_word' id='word_1_16' title='bbox 790 765 923 819; x_wconf 90' lang='lat' dir='ltr'><strong>solvi</strong></span> <span class='ocrx_word' id='word_1_17' title='bbox 973 785 1039 820; x_wconf 89' lang='lat' dir='ltr'><strong>ac</strong></span> <span class='ocrx_word' id='word_1_18' title='bbox 1081 767 1336 838; x_wconf 90' lang='lat' dir='ltr'><strong>componi</strong></span> <span class='ocrx_word' id='word_1_19' title='bbox 1390 786 1497 820; x_wconf 91' lang='lat' dir='ltr'><strong>non</strong></span> <span class='ocrx_word' id='word_1_20' title='bbox 1536 775 1784 839; x_wconf 85' lang='lat' dir='ltr'><strong>possent,</strong></span> <span class='ocrx_word' id='word_1_21' title='bbox 1842 759 2127 819; x_wconf 77' lang='lat' dir='ltr'><strong>discordiis</strong></span> 
     </span>
     <span class='ocr_line' id='line_1_5' title="bbox 196 846 2128 925; baseline -0.004 -17"><span class='ocrx_word' id='word_1_22' title='bbox 196 854 381 908; x_wconf 85' lang='lat' dir='ltr'><strong>vexari</strong></span> <span class='ocrx_word' id='word_1_23' title='bbox 409 852 643 921; x_wconf 85' lang='lat' dir='ltr'><strong>videbat,</strong></span> <span class='ocrx_word' id='word_1_24' title='bbox 688 851 1142 925; x_wconf 85' lang='lat' dir='ltr'><strong>acquiescendum</strong></span> <span class='ocrx_word' id='word_1_25' title='bbox 1185 853 1285 906; x_wconf 91' lang='lat' dir='ltr'><strong>sibi</strong></span> <span class='ocrx_word' id='word_1_26' title='bbox 1328 873 1436 906; x_wconf 91' lang='lat' dir='ltr'><strong>non</strong></span> <span class='ocrx_word' id='word_1_27' title='bbox 1467 873 1587 907; x_wconf 91' lang='lat' dir='ltr'><strong>esse</strong></span> <span class='ocrx_word' id='word_1_28' title='bbox 1617 852 1975 925; x_wconf 83' lang='lat' dir='ltr'><strong>intelligeret3</strong></span> <span class='ocrx_word' id='word_1_29' title='bbox 2018 846 2128 902; x_wconf 86' lang='lat' dir='ltr'><strong>dis-</strong></span> 
     </span>
     <span class='ocr_line' id='line_1_6' title="bbox 197 934 2130 1016; baseline -0.003 -22"><span class='ocrx_word' id='word_1_30' title='bbox 197 940 412 995; x_wconf 85' lang='lat' dir='ltr'><strong>cordias</strong></span> <span class='ocrx_word' id='word_1_31' title='bbox 465 940 592 993; x_wconf 89' lang='lat' dir='ltr'><strong>istas</strong></span> <span class='ocrx_word' id='word_1_32' title='bbox 643 939 838 1011; x_wconf 87' lang='lat' dir='ltr'><strong>partim</strong></span> <span class='ocrx_word' id='word_1_33' title='bbox 881 938 1219 1012; x_wconf 86' lang='lat' dir='ltr'><strong>detegendas</strong></span> <span class='ocrx_word' id='word_1_34' title='bbox 1274 948 1330 993; x_wconf 91' lang='lat' dir='ltr'><strong>et</strong></span> <span class='ocrx_word' id='word_1_35' title='bbox 1368 939 1514 994; x_wconf 89' lang='lat' dir='ltr'><strong>clara</strong></span> <span class='ocrx_word' id='word_1_36' title='bbox 1567 940 1690 993; x_wconf 94' lang='lat' dir='ltr'><strong>luce</strong></span> <span class='ocrx_word' id='word_1_37' title='bbox 1743 934 2130 1016; x_wconf 88' lang='lat' dir='ltr'><strong>proponendas</strong></span> 
     </span>
     <span class='ocr_line' id='line_1_7' title="bbox 197 1021 2130 1099; baseline -0.003 -18"><span class='ocrx_word' id='word_1_38' title='bbox 197 1026 449 1099; x_wconf 82' lang='lat' dir='ltr'><strong>suscepit,</strong></span> <span class='ocrx_word' id='word_1_39' title='bbox 492 1025 687 1098; x_wconf 90' lang='lat' dir='ltr'><strong>partim</strong></span> <span class='ocrx_word' id='word_1_40' title='bbox 730 1025 794 1078; x_wconf 89' lang='lat' dir='ltr'><strong>iis</strong></span> <span class='ocrx_word' id='word_1_41' title='bbox 836 1026 1224 1098; x_wconf 83' lang='lat' dir='ltr'><strong>componendis</strong></span> <span class='ocrx_word' id='word_1_42' title='bbox 1263 1045 1488 1098; x_wconf 85' lang='lat' dir='ltr'><strong>operam</strong></span> <span class='ocrx_word' id='word_1_43' title='bbox 1529 1025 1682 1080; x_wconf 85' lang='lat' dir='ltr'><strong>dedit</strong></span> <span class='ocrx_word' id='word_1_44' title='bbox 1724 1034 1778 1083; x_wconf 90' lang='lat' dir='ltr'><strong>et</strong></span> <span class='ocrx_word' id='word_1_45' title='bbox 1806 1026 1882 1083; x_wconf 85' lang='lat' dir='ltr'><strong>ita</strong></span> <span class='ocrx_word' id='word_1_46' title='bbox 1911 1021 2130 1097; x_wconf 88' lang='lat' dir='ltr'><strong>quidem</strong></span> 
     </span>
     <span class='ocr_line' id='line_1_8' title="bbox 198 1110 2130 1186; baseline -0.003 -18"><span class='ocrx_word' id='word_1_47' title='bbox 198 1122 258 1168; x_wconf 92' lang='lat' dir='ltr'><strong>ut</strong></span> <span class='ocrx_word' id='word_1_48' title='bbox 288 1129 428 1186; x_wconf 88' lang='lat' dir='ltr'><strong>quae</strong></span> <span class='ocrx_word' id='word_1_49' title='bbox 461 1130 492 1164; x_wconf 94' lang='lat' dir='ltr'><strong>e</strong></span> <span class='ocrx_word' id='word_1_50' title='bbox 525 1112 755 1183; x_wconf 83' lang='lat' dir='ltr'><strong>regione</strong></span> <span class='ocrx_word' id='word_1_51' title='bbox 785 1110 885 1164; x_wconf 87' lang='lat' dir='ltr'><strong>sibi</strong></span> <span class='ocrx_word' id='word_1_52' title='bbox 916 1111 1192 1166; x_wconf 81' lang='lat' dir='ltr'><strong>adversari</strong></span> <span class='ocrx_word' id='word_1_53' title='bbox 1222 1112 1449 1182; x_wconf 80' lang='lat' dir='ltr'><strong>videret,</strong></span> <span class='ocrx_word' id='word_1_54' title='bbox 1493 1112 1563 1167; x_wconf 88' lang='lat' dir='ltr'><strong>ad</strong></span> <span class='ocrx_word' id='word_1_55' title='bbox 1593 1113 1869 1179; x_wconf 89' lang='lat' dir='ltr'><strong>unitatem,</strong></span> <span class='ocrx_word' id='word_1_56' title='bbox 1900 1129 2008 1184; x_wconf 89' lang='lat' dir='ltr'><strong>qua</strong></span> <span class='ocrx_word' id='word_1_57' title='bbox 2036 1128 2130 1163; x_wconf 80' lang='lat' dir='ltr'><strong>ve—</strong></span> 
     </span>
     <span class='ocr_line' id='line_1_9' title="bbox 197 1193 2131 1272; baseline -0.003 -18"><span class='ocrx_word' id='word_1_58' title='bbox 197 1201 410 1255; x_wconf 83' lang='lat' dir='ltr'><strong>ritatem</strong></span> <span class='ocrx_word' id='word_1_59' title='bbox 453 1197 717 1251; x_wconf 85' lang='lat' dir='ltr'><strong>contineri</strong></span> <span class='ocrx_word' id='word_1_60' title='bbox 757 1216 863 1250; x_wconf 92' lang='lat' dir='ltr'><strong>non</strong></span> <span class='ocrx_word' id='word_1_61' title='bbox 904 1198 1221 1271; x_wconf 74' lang='lat' dir='ltr'><strong>ignorabat,</strong></span> <span class='ocrx_word' id='word_1_62' title='bbox 1264 1208 1578 1267; x_wconf 85' lang='lat' dir='ltr'><strong>revocaret3</strong></span> <span class='ocrx_word' id='word_1_63' title='bbox 1631 1199 1687 1253; x_wconf 92' lang='lat' dir='ltr'><strong>id</strong></span> <span class='ocrx_word' id='word_1_64' title='bbox 1731 1197 1878 1272; x_wconf 91' lang='lat' dir='ltr'><strong>quod</strong></span> <span class='ocrx_word' id='word_1_65' title='bbox 1917 1193 2131 1251; x_wconf 85' lang='lat' dir='ltr'><strong>Jacobii</strong></span> 
     </span>
     <span class='ocr_line' id='line_1_10' title="bbox 198 1280 2136 1360; baseline -0.003 -19"><span class='ocrx_word' id='word_1_66' title='bbox 198 1285 430 1359; x_wconf 84' lang='lat' dir='ltr'><strong>Op.·lV‚</strong></span> <span class='ocrx_word' id='word_1_67' title='bbox 463 1285 519 1351; x_wconf 85' lang='lat'><strong>3,</strong></span> <span class='ocrx_word' id='word_1_68' title='bbox 555 1285 693 1338; x_wconf 80' lang='lat'><strong>169.</strong></span> <span class='ocrx_word' id='word_1_69' title='bbox 725 1281 792 1338; x_wconf 85' lang='lat' dir='ltr'><strong>cf.</strong></span> <span class='ocrx_word' id='word_1_70' title='bbox 824 1283 953 1338; x_wconf 91' lang='lat' dir='ltr'><strong>ibid.</strong></span> <span class='ocrx_word' id='word_1_71' title='bbox 988 1285 1128 1341; x_wconf 85' lang='lat'><strong>357.</strong></span> <span class='ocrx_word' id='word_1_72' title='bbox 1168 1285 1318 1340; x_wconf 91' lang='lat' dir='ltr'><strong>hisce</strong></span> <span class='ocrx_word' id='word_1_73' title='bbox 1348 1287 1648 1360; x_wconf 85' lang='lat' dir='ltr'><strong>significat:</strong></span> <span class='ocrx_word' id='word_1_74' title='bbox 1690 1285 1862 1340; x_wconf 89' lang='lat' dir='ltr'><strong>Jeder</strong></span> <span class='ocrx_word' id='word_1_75' title='bbox 1890 1280 2136 1340; x_wconf 89' lang='lat' dir='ltr'><strong>wiinscht</strong></span> 
     </span>
     <span class='ocr_line' id='line_1_11' title="bbox 199 1360 2132 1446; baseline -0.003 -19"><span class='ocrx_word' id='word_1_76' title='bbox 199 1371 290 1427; x_wconf 89' lang='lat' dir='ltr'><strong>die</strong></span> <span class='ocrx_word' id='word_1_77' title='bbox 330 1360 729 1443; x_wconf 83' lang='lat' dir='ltr'><strong>Umschafl&#39;ung</strong></span> <span class='ocrx_word' id='word_1_78' title='bbox 768 1369 869 1424; x_wconf 93' lang='lat' dir='ltr'><strong>der</strong></span> <span class='ocrx_word' id='word_1_79' title='bbox 905 1370 1219 1446; x_wconf 86' lang='lat' dir='ltr'><strong>bisherigen</strong></span> <span class='ocrx_word' id='word_1_80' title='bbox 1258 1372 1628 1446; x_wconf 87' lang='lat' dir='ltr'><strong>Philosophie,</strong></span> <span class='ocrx_word' id='word_1_81' title='bbox 1659 1366 1906 1431; x_wconf 63' lang='lat' dir='ltr'><strong>arbeitet,</strong></span> <span class='ocrx_word' id='word_1_82' title='bbox 1945 1369 2132 1438; x_wconf 88' lang='lat' dir='ltr'><strong>daran,</strong></span> 
     </span>
     <span class='ocr_line' id='line_1_12' title="bbox 197 1455 2136 1533; baseline -0.003 -20"><span class='ocrx_word' id='word_1_83' title='bbox 197 1459 349 1532; x_wconf 64' lang='lat' dir='ltr'><strong>tragt</strong></span> <span class='ocrx_word' id='word_1_84' title='bbox 378 1459 489 1512; x_wconf 91' lang='lat' dir='ltr'><strong>sein</strong></span> <span class='ocrx_word' id='word_1_85' title='bbox 522 1457 826 1512; x_wconf 88' lang='lat' dir='ltr'><strong>Scherflein</strong></span> <span class='ocrx_word' id='word_1_86' title='bbox 856 1456 997 1511; x_wconf 88' lang='lat' dir='ltr'><strong>dazu</strong></span> <span class='ocrx_word' id='word_1_87' title='bbox 1025 1459 1186 1526; x_wconf 81' lang='lat' dir='ltr'><strong>bei;“</strong></span> <span class='ocrx_word' id='word_1_88' title='bbox 1218 1467 1273 1512; x_wconf 92' lang='lat' dir='ltr'><strong>et</strong></span> <span class='ocrx_word' id='word_1_89' title='bbox 1305 1456 1500 1533; x_wconf 90' lang='lat' dir='ltr'><strong>(Ham.</strong></span> <span class='ocrx_word' id='word_1_90' title='bbox 1534 1461 1640 1532; x_wconf 90' lang='lat' dir='ltr'><strong>Op.</strong></span> <span class='ocrx_word' id='word_1_91' title='bbox 1663 1459 1787 1528; x_wconf 84' lang='lat' dir='ltr'><strong>VII,</strong></span> <span class='ocrx_word' id='word_1_92' title='bbox 1821 1455 1996 1533; x_wconf 84' lang='lat'><strong>314.)</strong></span> <span class='ocrx_word' id='word_1_93' title='bbox 2027 1455 2136 1509; x_wconf 92' lang='lat' dir='ltr'><strong>Mir</strong></span> 
     </span>
     <span class='ocr_line' id='line_1_13' title="bbox 199 1541 2134 1617; baseline -0.002 -18"><span class='ocrx_word' id='word_1_94' title='bbox 199 1546 407 1599; x_wconf 89' lang='lat' dir='ltr'><strong>kommt</strong></span> <span class='ocrx_word' id='word_1_95' title='bbox 445 1543 636 1597; x_wconf 89' lang='lat' dir='ltr'><strong>Kant&#39;s</strong></span> <span class='ocrx_word' id='word_1_96' title='bbox 676 1563 879 1617; x_wconf 84' lang='lat' dir='ltr'><strong>ganzes</strong></span> <span class='ocrx_word' id='word_1_97' title='bbox 921 1545 1138 1617; x_wconf 82' lang='lat' dir='ltr'><strong>System</strong></span> <span class='ocrx_word' id='word_1_98' title='bbox 1188 1544 1337 1600; x_wconf 90' lang='lat' dir='ltr'><strong>nicht</strong></span> <span class='ocrx_word' id='word_1_99' title='bbox 1375 1565 1466 1599; x_wconf 91' lang='lat' dir='ltr'><strong>um</strong></span> <span class='ocrx_word' id='word_1_100' title='bbox 1508 1547 1593 1600; x_wconf 88' lang='lat' dir='ltr'><strong>ein</strong></span> <span class='ocrx_word' id='word_1_101' title='bbox 1629 1547 1787 1605; x_wconf 89' lang='lat' dir='ltr'><strong>Haar</strong></span> <span class='ocrx_word' id='word_1_102' title='bbox 1823 1546 2014 1599; x_wconf 90' lang='lat' dir='ltr'><strong>besser</strong></span> <span class='ocrx_word' id='word_1_103' title='bbox 2056 1541 2134 1596; x_wconf 89' lang='lat' dir='ltr'><strong>als</strong></span> 
     </span>
     <span class='ocr_line' id='line_1_14' title="bbox 199 1627 2136 1704; baseline -0.002 -17"><span class='ocrx_word' id='word_1_104' title='bbox 199 1629 611 1687; x_wconf 89' lang='lat' dir='ltr'><strong>Mendelssohns</strong></span> <span class='ocrx_word' id='word_1_105' title='bbox 640 1649 757 1685; x_wconf 84' lang='lat' dir='ltr'><strong>vor.</strong></span> <span class='ocrx_word' id='word_1_106' title='bbox 792 1632 894 1684; x_wconf 90' lang='lat' dir='ltr'><strong>·An</strong></span> <span class='ocrx_word' id='word_1_107' title='bbox 922 1631 1137 1685; x_wconf 91' lang='lat' dir='ltr'><strong>keinem</strong></span> <span class='ocrx_word' id='word_1_108' title='bbox 1166 1651 1273 1684; x_wconf 83' lang='lat' dir='ltr'><strong>von</strong></span> <span class='ocrx_word' id='word_1_109' title='bbox 1301 1631 1498 1686; x_wconf 90' lang='lat' dir='ltr'><strong>beiden</strong></span> <span class='ocrx_word' id='word_1_110' title='bbox 1528 1633 1598 1686; x_wconf 90' lang='lat' dir='ltr'><strong>ist</strong></span> <span class='ocrx_word' id='word_1_111' title='bbox 1626 1633 1727 1685; x_wconf 90' lang='lat' dir='ltr'><strong>mir</strong></span> <span class='ocrx_word' id='word_1_112' title='bbox 1756 1631 1994 1704; x_wconf 86' lang='lat' dir='ltr'><strong>gelegen</strong></span> <span class='ocrx_word' id='word_1_113' title='bbox 2023 1627 2136 1684; x_wconf 92' lang='lat' dir='ltr'><strong>und</strong></span> 
     </span>
     <span class='ocr_line' id='line_1_15' title="bbox 202 1715 2137 1786; baseline -0.003 -12"><span class='ocrx_word' id='word_1_114' title='bbox 202 1718 292 1774; x_wconf 87' lang='lat' dir='ltr'><strong>ich</strong></span> <span class='ocrx_word' id='word_1_115' title='bbox 322 1716 424 1773; x_wconf 86' lang='lat' dir='ltr'><strong>will</strong></span> <span class='ocrx_word' id='word_1_116' title='bbox 454 1716 595 1773; x_wconf 90' lang='lat' dir='ltr'><strong>mich</strong></span> <span class='ocrx_word' id='word_1_117' title='bbox 626 1716 680 1770; x_wconf 92' lang='lat' dir='ltr'><strong>in</strong></span> <span class='ocrx_word' id='word_1_118' title='bbox 710 1716 898 1772; x_wconf 86' lang='lat' dir='ltr'><strong>keines</strong></span> <span class='ocrx_word' id='word_1_119' title='bbox 929 1717 1117 1773; x_wconf 87' lang='lat' dir='ltr'><strong>weiter</strong></span> <span class='ocrx_word' id='word_1_120' title='bbox 1145 1717 1427 1786; x_wconf 86' lang='lat' dir='ltr'><strong>einlassen,</strong></span> <span class='ocrx_word' id='word_1_121' title='bbox 1473 1717 1550 1772; x_wconf 92' lang='lat' dir='ltr'><strong>als</strong></span> <span class='ocrx_word' id='word_1_122' title='bbox 1590 1718 1735 1771; x_wconf 90' lang='lat' dir='ltr'><strong>bloss</strong></span> <span class='ocrx_word' id='word_1_123' title='bbox 1766 1717 1909 1771; x_wconf 89' lang='lat' dir='ltr'><strong>mich</strong></span> <span class='ocrx_word' id='word_1_124' title='bbox 1949 1735 2014 1770; x_wconf 93' lang='lat' dir='ltr'><strong>an</strong></span> <span class='ocrx_word' id='word_1_125' title='bbox 2047 1715 2137 1770; x_wconf 90' lang='lat' dir='ltr'><strong>die</strong></span> 
     </span>
     <span class='ocr_line' id='line_1_16' title="bbox 203 1801 2140 1878; baseline -0.002 -19"><span class='ocrx_word' id='word_1_126' title='bbox 203 1802 584 1859; x_wconf 66' lang='lat' dir='ltr'><strong>Grundsiiulen</strong></span> <span class='ocrx_word' id='word_1_127' title='bbox 609 1801 808 1872; x_wconf 71' lang='lat' dir='ltr'><strong>hasten,</strong></span> <span class='ocrx_word' id='word_1_128' title='bbox 854 1802 943 1857; x_wconf 91' lang='lat' dir='ltr'><strong>die</strong></span> <span class='ocrx_word' id='word_1_129' title='bbox 972 1804 1341 1878; x_wconf 88' lang='lat' dir='ltr'><strong>wurmstichig</strong></span> <span class='ocrx_word' id='word_1_130' title='bbox 1370 1803 1505 1860; x_wconf 89' lang='lat' dir='ltr'><strong>sind.</strong></span> <span class='ocrx_word' id='word_1_131' title='bbox 1593 1805 1709 1858; x_wconf 89' lang='lat' dir='ltr'><strong>Das</strong></span> <span class='ocrx_word' id='word_1_132' title='bbox 1738 1804 1936 1878; x_wconf 83' lang='lat' dir='ltr'><strong>iibrige</strong></span> <span class='ocrx_word' id='word_1_133' title='bbox 1966 1801 2140 1857; x_wconf 89' lang='lat' dir='ltr'><strong>findet</strong></span> 
     </span>
     <span class='ocr_line' id='line_1_17' title="bbox 202 1886 2224 1967; baseline -0.002 -20"><span class='ocrx_word' id='word_1_134' title='bbox 202 1889 317 1967; x_wconf 83' lang='lat' dir='ltr'><strong>sich</strong></span> <span class='ocrx_word' id='word_1_135' title='bbox 347 1908 447 1963; x_wconf 87' lang='lat' dir='ltr'><strong>per</strong></span> <span class='ocrx_word' id='word_1_136' title='bbox 474 1907 671 1943; x_wconf 85' lang='lat' dir='ltr'><strong>nexum</strong></span> <span class='ocrx_word' id='word_1_137' title='bbox 700 1908 884 1944; x_wconf 88' lang='lat' dir='ltr'><strong>rerum</strong></span> <span class='ocrx_word' id='word_1_138' title='bbox 912 1909 1018 1944; x_wconf 80' lang='lat' dir='ltr'><strong>von</strong></span> <span class='ocrx_word' id='word_1_139' title='bbox 1048 1890 1231 1946; x_wconf 89' lang='lat' dir='ltr'><strong>selbst.</strong></span> <span class='ocrx_word' id='word_1_140' title='bbox 1300 1893 1553 1949; x_wconf 84' lang='lat' dir='ltr'><strong>Attamen</strong></span> <span class='ocrx_word' id='word_1_141' title='bbox 1583 1891 1883 1945; x_wconf 83' lang='lat' dir='ltr'><strong>remedium</strong></span> <span class='ocrx_word' id='word_1_142' title='bbox 1913 1889 2036 1958; x_wconf 92' lang='lat' dir='ltr'><strong>hoc,</strong></span> <span class='ocrx_word' id='word_1_143' title='bbox 2067 1886 2140 1942; x_wconf 92' lang='lat' dir='ltr'><strong>ad</strong></span> <span class='ocrx_word' id='word_1_144' title='bbox 2221 1911 2224 1913; x_wconf 57' lang='grc'><strong><em>’</em></strong></span> 
     </span>
     <span class='ocr_line' id='line_1_18' title="bbox 205 1975 2138 2053; baseline -0.002 -22"><span class='ocrx_word' id='word_1_145' title='bbox 205 1976 353 2053; x_wconf 84' lang='lat' dir='ltr'><strong>quod</strong></span> <span class='ocrx_word' id='word_1_146' title='bbox 394 1995 641 2031; x_wconf 86' lang='lat' dir='ltr'><strong>errorum</strong></span> <span class='ocrx_word' id='word_1_147' title='bbox 681 1975 1160 2050; x_wconf 88' lang='lat' dir='ltr'><strong>propellendorum</strong></span> <span class='ocrx_word' id='word_1_148' title='bbox 1202 1997 1368 2032; x_wconf 90' lang='lat' dir='ltr'><strong>causa</strong></span> <span class='ocrx_word' id='word_1_149' title='bbox 1410 1987 1465 2032; x_wconf 92' lang='lat' dir='ltr'><strong>et</strong></span> <span class='ocrx_word' id='word_1_150' title='bbox 1492 1987 1552 2032; x_wconf 90' lang='lat' dir='ltr'><strong>ut</strong></span> <span class='ocrx_word' id='word_1_151' title='bbox 1582 1998 1664 2047; x_wconf 89' lang='lat' dir='ltr'><strong>ea,</strong></span> <span class='ocrx_word' id='word_1_152' title='bbox 1711 1997 1850 2051; x_wconf 90' lang='lat' dir='ltr'><strong>quae</strong></span> <span class='ocrx_word' id='word_1_153' title='bbox 1881 1978 1935 2030; x_wconf 87' lang='lat' dir='ltr'><strong>in</strong></span> <span class='ocrx_word' id='word_1_154' title='bbox 1964 1975 2138 2049; x_wconf 90' lang='lat' dir='ltr'><strong>philo-</strong></span> 
     </span>
     <span class='ocr_line' id='line_1_19' title="bbox 205 2060 2138 2137; baseline -0.002 -18"><span class='ocrx_word' id='word_1_155' title='bbox 205 2062 397 2137; x_wconf 90' lang='lat' dir='ltr'><strong>sophia</strong></span> <span class='ocrx_word' id='word_1_156' title='bbox 436 2061 676 2117; x_wconf 86' lang='lat' dir='ltr'><strong>adversis</strong></span> <span class='ocrx_word' id='word_1_157' title='bbox 719 2060 986 2117; x_wconf 84' lang='lat' dir='ltr'><strong>frontibus</strong></span> <span class='ocrx_word' id='word_1_158' title='bbox 1031 2063 1132 2118; x_wconf 87' lang='lat' dir='ltr'><strong>sibi</strong></span> <span class='ocrx_word' id='word_1_159' title='bbox 1173 2063 1450 2118; x_wconf 88' lang='lat' dir='ltr'><strong>adversari</strong></span> <span class='ocrx_word' id='word_1_160' title='bbox 1479 2064 1708 2133; x_wconf 82' lang='lat' dir='ltr'><strong>videret,</strong></span> <span class='ocrx_word' id='word_1_161' title='bbox 1750 2066 1962 2132; x_wconf 81' lang='lat' dir='ltr'><strong>vitaret,</strong></span> <span class='ocrx_word' id='word_1_162' title='bbox 2008 2081 2138 2117; x_wconf 89' lang='lat' dir='ltr'><strong>con-</strong></span> 
     </span>
     <span class='ocr_line' id='line_1_20' title="bbox 202 2148 2140 2225; baseline -0.002 -20"><span class='ocrx_word' id='word_1_163' title='bbox 202 2149 442 2224; x_wconf 82' lang='lat' dir='ltr'><strong>fugerat,</strong></span> <span class='ocrx_word' id='word_1_164' title='bbox 485 2149 588 2222; x_wconf 87' lang='lat' dir='ltr'><strong>ipsi</strong></span> <span class='ocrx_word' id='word_1_165' title='bbox 628 2168 736 2203; x_wconf 91' lang='lat' dir='ltr'><strong>non</strong></span> <span class='ocrx_word' id='word_1_166' title='bbox 778 2148 1039 2209; x_wconf 85' lang='lat' dir='ltr'><strong>satisfecit</strong></span> <span class='ocrx_word' id='word_1_167' title='bbox 1083 2158 1138 2205; x_wconf 93' lang='lat' dir='ltr'><strong>et</strong></span> <span class='ocrx_word' id='word_1_168' title='bbox 1175 2150 1305 2205; x_wconf 89' lang='lat' dir='ltr'><strong>licet</strong></span> <span class='ocrx_word' id='word_1_169' title='bbox 1343 2152 1396 2204; x_wconf 92' lang='lat' dir='ltr'><strong>in</strong></span> <span class='ocrx_word' id='word_1_170' title='bbox 1425 2150 1764 2225; x_wconf 86' lang='lat' dir='ltr'><strong>philosophia</strong></span> <span class='ocrx_word' id='word_1_171' title='bbox 1807 2150 2140 2205; x_wconf 91' lang='lat' dir='ltr'><strong>celebratum</strong></span> 
     </span>
     <span class='ocr_line' id='line_1_21' title="bbox 204 2232 2141 2313; baseline -0.002 -21"><span class='ocrx_word' id='word_1_172' title='bbox 204 2235 337 2293; x_wconf 89' lang='lat' dir='ltr'><strong>illud</strong></span> <span class='ocrx_word' id='word_1_173' title='bbox 376 2236 695 2310; x_wconf 87' lang='lat' dir='ltr'><strong>principium</strong></span> <span class='ocrx_word' id='word_1_174' title='bbox 733 2235 1203 2306; x_wconf 86' lang='lat' dir='ltr'><strong>„coincidentiae“</strong></span> <span class='ocrx_word' id='word_1_175' title='bbox 1244 2235 1440 2312; x_wconf 88' lang='lat' dir='ltr'><strong>(Ham.</strong></span> <span class='ocrx_word' id='word_1_176' title='bbox 1484 2258 1571 2311; x_wconf 91' lang='lat' dir='ltr'><strong>op.</strong></span> <span class='ocrx_word' id='word_1_177' title='bbox 1602 2238 1695 2305; x_wconf 87' lang='lat' dir='ltr'><strong>IV,</strong></span> <span class='ocrx_word' id='word_1_178' title='bbox 1743 2232 1914 2313; x_wconf 81' lang='lat'><strong>145.)</strong></span> <span class='ocrx_word' id='word_1_179' title='bbox 1959 2236 2141 2290; x_wconf 91' lang='lat' dir='ltr'><strong>locum</strong></span> 
     </span>
     <span class='ocr_line' id='line_1_22' title="bbox 205 2322 2140 2398; baseline -0.001 -20"><span class='ocrx_word' id='word_1_180' title='bbox 205 2322 537 2398; x_wconf 82' lang='lat' dir='ltr'><strong>primarium,</strong></span> <span class='ocrx_word' id='word_1_181' title='bbox 583 2341 615 2376; x_wconf 86' lang='lat' dir='ltr'><strong>a</strong></span> <span class='ocrx_word' id='word_1_182' title='bbox 655 2340 762 2395; x_wconf 90' lang='lat' dir='ltr'><strong>quo</strong></span> <span class='ocrx_word' id='word_1_183' title='bbox 806 2322 934 2378; x_wconf 84' lang='lat' dir='ltr'><strong>inde</strong></span> <span class='ocrx_word' id='word_1_184' title='bbox 973 2322 1279 2378; x_wconf 85' lang='lat' dir='ltr'><strong>exeundum</strong></span> <span class='ocrx_word' id='word_1_185' title='bbox 1322 2333 1467 2379; x_wconf 91' lang='lat' dir='ltr'><strong>esset</strong></span> <span class='ocrx_word' id='word_1_186' title='bbox 1507 2333 1563 2379; x_wconf 90' lang='lat' dir='ltr'><strong>et</strong></span> <span class='ocrx_word' id='word_1_187' title='bbox 1590 2325 1748 2378; x_wconf 87' lang='lat' dir='ltr'><strong>unice</strong></span> <span class='ocrx_word' id='word_1_188' title='bbox 1790 2343 1978 2378; x_wconf 79' lang='lat' dir='ltr'><strong>verum</strong></span> <span class='ocrx_word' id='word_1_189' title='bbox 2018 2342 2140 2377; x_wconf 89' lang='lat' dir='ltr'><strong>esse</strong></span> 
     </span>
     <span class='ocr_line' id='line_1_23' title="bbox 208 2409 2142 2481; baseline -0.001 -16"><span class='ocrx_word' id='word_1_190' title='bbox 208 2409 430 2479; x_wconf 86' lang='lat' dir='ltr'><strong>debere,</strong></span> <span class='ocrx_word' id='word_1_191' title='bbox 473 2428 580 2462; x_wconf 89' lang='lat' dir='ltr'><strong>non</strong></span> <span class='ocrx_word' id='word_1_192' title='bbox 622 2415 831 2463; x_wconf 82' lang='lat' dir='ltr'><strong>tantum</strong></span> <span class='ocrx_word' id='word_1_193' title='bbox 871 2410 1178 2473; x_wconf 85' lang='lat' dir='ltr'><strong>acutissime</strong></span> <span class='ocrx_word' id='word_1_194' title='bbox 1222 2410 1539 2481; x_wconf 79' lang='lat' dir='ltr'><strong>divinasset,</strong></span> <span class='ocrx_word' id='word_1_195' title='bbox 1583 2411 1681 2468; x_wconf 89' lang='lat' dir='ltr'><strong>sed</strong></span> <span class='ocrx_word' id='word_1_196' title='bbox 1722 2411 1883 2465; x_wconf 85' lang='lat' dir='ltr'><strong>etiam</strong></span> <span class='ocrx_word' id='word_1_197' title='bbox 1926 2409 2142 2464; x_wconf 89' lang='lat' dir='ltr'><strong>disertis</strong></span> 
     </span>
     <span class='ocr_line' id='line_1_24' title="bbox 211 2495 2142 2572; baseline -0.001 -21"><span class='ocrx_word' id='word_1_198' title='bbox 211 2496 387 2551; x_wconf 82' lang='lat' dir='ltr'><strong>verbis</strong></span> <span class='ocrx_word' id='word_1_199' title='bbox 419 2495 820 2568; x_wconf 87' lang='lat' dir='ltr'><strong>pronuntiasset</strong></span> <span class='ocrx_word' id='word_1_200' title='bbox 847 2504 1028 2551; x_wconf 90' lang='lat' dir='ltr'><strong>tamen</strong></span> <span class='ocrx_word' id='word_1_201' title='bbox 1060 2505 1116 2551; x_wconf 90' lang='lat' dir='ltr'><strong>et</strong></span> <span class='ocrx_word' id='word_1_202' title='bbox 1144 2497 1286 2551; x_wconf 86' lang='lat' dir='ltr'><strong>vires</strong></span> <span class='ocrx_word' id='word_1_203' title='bbox 1319 2498 1413 2567; x_wconf 66' lang='grc' dir='ltr'><strong>εἰς,</strong></span> <span class='ocrx_word' id='word_1_204' title='bbox 1444 2517 1584 2572; x_wconf 87' lang='lat' dir='ltr'><strong>quae</strong></span> <span class='ocrx_word' id='word_1_205' title='bbox 1615 2498 1966 2572; x_wconf 85' lang='lat' dir='ltr'><strong>cognovisset</strong></span> <span class='ocrx_word' id='word_1_206' title='bbox 1993 2515 2142 2565; x_wconf 80' lang='lat' dir='ltr'><strong>vera,</strong></span> 
     </span>
     <span class='ocr_line' id='line_1_25' title="bbox 213 2580 2142 2657; baseline -0.001 -19"><span class='ocrx_word' id='word_1_207' title='bbox 213 2582 486 2655; x_wconf 86' lang='lat' dir='ltr'><strong>copiosius</strong></span> <span class='ocrx_word' id='word_1_208' title='bbox 526 2580 856 2655; x_wconf 85' lang='lat' dir='ltr'><strong>explicandis</strong></span> <span class='ocrx_word' id='word_1_209' title='bbox 896 2603 1058 2657; x_wconf 86' lang='lat' dir='ltr'><strong>pares</strong></span> <span class='ocrx_word' id='word_1_210' title='bbox 1099 2585 1200 2638; x_wconf 86' lang='lat' dir='ltr'><strong>sibi</strong></span> <span class='ocrx_word' id='word_1_211' title='bbox 1243 2584 1436 2639; x_wconf 91' lang='lat' dir='ltr'><strong>deesse</strong></span> <span class='ocrx_word' id='word_1_212' title='bbox 1466 2586 1648 2654; x_wconf 88' lang='lat' dir='ltr'><strong>sensit,</strong></span> <span class='ocrx_word' id='word_1_213' title='bbox 1694 2593 1748 2639; x_wconf 89' lang='lat' dir='ltr'><strong>et</strong></span> <span class='ocrx_word' id='word_1_214' title='bbox 1776 2604 1894 2639; x_wconf 90' lang='lat' dir='ltr'><strong>rem</strong></span> <span class='ocrx_word' id='word_1_215' title='bbox 1924 2583 2142 2637; x_wconf 91' lang='lat' dir='ltr'><strong>omnino</strong></span> 
     </span>
     <span class='ocr_line' id='line_1_26' title="bbox 209 2667 2142 2748; baseline -0.001 -24"><span class='ocrx_word' id='word_1_216' title='bbox 209 2669 333 2724; x_wconf 87' lang='lat' dir='ltr'><strong>fieri</strong></span> <span class='ocrx_word' id='word_1_217' title='bbox 374 2687 482 2746; x_wconf 85' lang='lat' dir='ltr'><strong>non</strong></span> <span class='ocrx_word' id='word_1_218' title='bbox 521 2687 684 2741; x_wconf 89' lang='lat' dir='ltr'><strong>posse</strong></span> <span class='ocrx_word' id='word_1_219' title='bbox 724 2669 1002 2727; x_wconf 83' lang='lat' dir='ltr'><strong>intellexit.</strong></span> <span class='ocrx_word' id='word_1_220' title='bbox 1091 2667 1286 2746; x_wconf 88' lang='lat' dir='ltr'><strong>(Ham.</strong></span> <span class='ocrx_word' id='word_1_221' title='bbox 1320 2691 1407 2744; x_wconf 93' lang='lat' dir='ltr'><strong>op.</strong></span> <span class='ocrx_word' id='word_1_222' title='bbox 1436 2672 1531 2741; x_wconf 84' lang='lat' dir='ltr'><strong>VI,</strong></span> <span class='ocrx_word' id='word_1_223' title='bbox 1565 2670 1739 2748; x_wconf 79' lang='lat'><strong>224.)</strong></span> <span class='ocrx_word' id='word_1_224' title='bbox 1828 2671 1907 2726; x_wconf 90' lang='lat' dir='ltr'><strong>Es</strong></span> <span class='ocrx_word' id='word_1_225' title='bbox 1947 2672 2017 2725; x_wconf 90' lang='lat' dir='ltr'><strong>ist</strong></span> <span class='ocrx_word' id='word_1_226' title='bbox 2057 2670 2142 2724; x_wconf 90' lang='lat' dir='ltr'><strong>ein</strong></span> 
     </span>
     <span class='ocr_line' id='line_1_27' title="bbox 217 2751 2145 2832; baseline 0 -23"><span class='ocrx_word' id='word_1_227' title='bbox 217 2755 400 2809; x_wconf 85' lang='lat' dir='ltr'><strong>Gliick</strong></span> <span class='ocrx_word' id='word_1_228' title='bbox 427 2751 515 2808; x_wconf 84' lang='lat' dir='ltr'><strong>fiir</strong></span> <span class='ocrx_word' id='word_1_229' title='bbox 541 2753 701 2824; x_wconf 87' lang='lat' dir='ltr'><strong>mich,</strong></span> <span class='ocrx_word' id='word_1_230' title='bbox 733 2755 857 2810; x_wconf 89' lang='lat' dir='ltr'><strong>dass</strong></span> <span class='ocrx_word' id='word_1_231' title='bbox 887 2756 974 2811; x_wconf 90' lang='lat' dir='ltr'><strong>ich</strong></span> <span class='ocrx_word' id='word_1_232' title='bbox 1006 2756 1095 2811; x_wconf 89' lang='lat' dir='ltr'><strong>die</strong></span> <span class='ocrx_word' id='word_1_233' title='bbox 1118 2758 1265 2830; x_wconf 89' lang='lat' dir='ltr'><strong>Spur</strong></span> <span class='ocrx_word' id='word_1_234' title='bbox 1295 2758 1475 2812; x_wconf 90' lang='lat' dir='ltr'><strong>dieser</strong></span> <span class='ocrx_word' id='word_1_235' title='bbox 1501 2760 1599 2813; x_wconf 91' lang='lat' dir='ltr'><strong>mit</strong></span> <span class='ocrx_word' id='word_1_236' title='bbox 1627 2759 1730 2812; x_wconf 92' lang='lat' dir='ltr'><strong>mir</strong></span> <span class='ocrx_word' id='word_1_237' title='bbox 1758 2777 1898 2832; x_wconf 86' lang='lat' dir='ltr'><strong>grau</strong></span> <span class='ocrx_word' id='word_1_238' title='bbox 1928 2774 2145 2831; x_wconf 85' lang='lat' dir='ltr'><strong>gewor-</strong></span> 
     </span>
     <span class='ocr_line' id='line_1_28' title="bbox 213 2840 2144 2917; baseline -0.001 -21"><span class='ocrx_word' id='word_1_239' title='bbox 213 2841 390 2896; x_wconf 88' lang='lat' dir='ltr'><strong>denen</strong></span> <span class='ocrx_word' id='word_1_240' title='bbox 422 2840 592 2894; x_wconf 88' lang='lat' dir='ltr'><strong>Grille</strong></span> <span class='ocrx_word' id='word_1_241' title='bbox 615 2850 763 2914; x_wconf 47' lang='lat' dir='ltr'><strong>*ganz</strong></span> <span class='ocrx_word' id='word_1_242' title='bbox 795 2843 1062 2914; x_wconf 85' lang='lat' dir='ltr'><strong>verloren,</strong></span> <span class='ocrx_word' id='word_1_243' title='bbox 1106 2852 1256 2898; x_wconf 89' lang='lat' dir='ltr'><strong>sonst</strong></span> <span class='ocrx_word' id='word_1_244' title='bbox 1294 2844 1444 2899; x_wconf 67' lang='lat' dir='ltr'><strong>hatte</strong></span> <span class='ocrx_word' id='word_1_245' title='bbox 1473 2845 1562 2900; x_wconf 92' lang='lat' dir='ltr'><strong>ich</strong></span> <span class='ocrx_word' id='word_1_246' title='bbox 1602 2845 1840 2900; x_wconf 88' lang='lat' dir='ltr'><strong>dariiber</strong></span> <span class='ocrx_word' id='word_1_247' title='bbox 1869 2844 2144 2917; x_wconf 85' lang='lat' dir='ltr'><strong>gebriitet,</strong></span> 
     </span>
    </p>
   </div>
   <div class='ocr_carea' id='block_1_4' title="bbox 212 2926 2145 3003">
    <p class='ocr_par' dir='ltr' id='par_1_4' title="bbox 212 2926 2145 3003">
     <span class='ocr_line' id='line_1_29' title="bbox 212 2926 2145 3003; baseline -0.001 -20"><span class='ocrx_word' id='word_1_248' title='bbox 212 2927 323 2983; x_wconf 91' lang='lat' dir='ltr'><strong>und</strong></span> <span class='ocrx_word' id='word_1_249' title='bbox 367 2927 510 2982; x_wconf 79' lang='lat' dir='ltr'><strong>wa‘re</strong></span> <span class='ocrx_word' id='word_1_250' title='bbox 560 2927 708 2983; x_wconf 91' lang='lat' dir='ltr'><strong>nicht</strong></span> <span class='ocrx_word' id='word_1_251' title='bbox 736 2926 922 3002; x_wconf 74' lang='lat' dir='ltr'><strong>-fertig</strong></span> <span class='ocrx_word' id='word_1_252' title='bbox 975 2930 1300 3003; x_wconf 89' lang='lat' dir='ltr'><strong>geworden,</strong></span> <span class='ocrx_word' id='word_1_253' title='bbox 1355 2933 1481 2986; x_wconf 72' lang='lat' dir='ltr'><strong>weil</strong></span> <span class='ocrx_word' id='word_1_254' title='bbox 1515 2937 1687 2986; x_wconf 72' lang='lat' dir='ltr'><strong>mee&#39;ne</strong></span> <span class='ocrx_word' id='word_1_255' title='bbox 1729 2933 1960 2985; x_wconf 81' lang='lat' dir='ltr'><strong>Tleeorie</strong></span> <span class='ocrx_word' id='word_1_256' title='bbox 2008 2929 2145 2983; x_wconf 72' lang='lat' dir='ltr'><strong>noch</strong></span> 
     </span>
    </p>
   </div>
   <div class='ocr_carea' id='block_1_5' title="bbox 211 3011 2149 3171">
    <p class='ocr_par' dir='ltr' id='par_1_5' title="bbox 211 3011 2149 3171">
     <span class='ocr_line' id='line_1_30' title="bbox 211 3011 2148 3093; baseline -0.001 -24"><span class='ocrx_word' id='word_1_257' title='bbox 211 3015 365 3069; x_wconf 70' lang='lat' dir='ltr'><strong>nicht</strong></span> <span class='ocrx_word' id='word_1_258' title='bbox 394 3011 517 3081; x_wconf 61' lang='lat' dir='ltr'><strong>rezsf</strong></span> <span class='ocrx_word' id='word_1_259' title='bbox 536 3017 682 3078; x_wconf 72' lang='lat' dir='ltr'><strong>2‘st,·‘⁵</strong></span> <span class='ocrx_word' id='word_1_260' title='bbox 727 3035 830 3069; x_wconf 89' lang='lat' dir='ltr'><strong>nec</strong></span> <span class='ocrx_word' id='word_1_261' title='bbox 859 3035 965 3069; x_wconf 92' lang='lat' dir='ltr'><strong>non</strong></span> <span class='ocrx_word' id='word_1_262' title='bbox 1000 3013 1155 3088; x_wconf 84' lang='lat' dir='ltr'><strong>(VII,</strong></span> <span class='ocrx_word' id='word_1_263' title='bbox 1191 3017 1362 3093; x_wconf 88' lang='lat'>151.)</span> <span class='ocrx_word' id='word_1_264' title='bbox 1410 3018 1607 3087; x_wconf 87' lang='lat' dir='ltr'><strong>„Noch</strong></span> <span class='ocrx_word' id='word_1_265' title='bbox 1648 3018 1814 3071; x_wconf 91' lang='lat' dir='ltr'><strong>bleibt</strong></span> <span class='ocrx_word' id='word_1_266' title='bbox 1856 3036 1914 3070; x_wconf 90' lang='lat' dir='ltr'><strong>es</strong></span> <span class='ocrx_word' id='word_1_267' title='bbox 1954 3017 2148 3076; x_wconf 86' lang='lat' dir='ltr'><strong>immer</strong></span> 
     </span>
     <span class='ocr_line' id='line_1_31' title="bbox 214 3099 2149 3171; baseline 0.001 -17"><span class='ocrx_word' id='word_1_268' title='bbox 214 3102 402 3155; x_wconf 89' lang='lat' dir='ltr'><strong>finster</strong></span> <span class='ocrx_word' id='word_1_269' title='bbox 429 3101 568 3154; x_wconf 87' lang='lat' dir='ltr'><strong>iiber</strong></span> <span class='ocrx_word' id='word_1_270' title='bbox 597 3099 778 3155; x_wconf 89' lang='lat' dir='ltr'><strong>dieser</strong></span> <span class='ocrx_word' id='word_1_271' title='bbox 806 3099 968 3155; x_wconf 78' lang='lat' dir='ltr'><strong>&#39;Piese</strong></span> <span class='ocrx_word' id='word_1_272' title='bbox 1006 3099 1095 3155; x_wconf 86' lang='lat' dir='ltr'><strong>fiir</strong></span> <span class='ocrx_word' id='word_1_273' title='bbox 1124 3102 1285 3171; x_wconf 88' lang='lat' dir='ltr'><strong>mich,</strong></span> <span class='ocrx_word' id='word_1_274' title='bbox 1328 3104 1415 3157; x_wconf 88' lang='lat' dir='ltr'><strong>ich</strong></span> <span class='ocrx_word' id='word_1_275' title='bbox 1447 3113 1612 3159; x_wconf 87' lang='lat' dir='ltr'><strong>warte</strong></span> <span class='ocrx_word' id='word_1_276' title='bbox 1654 3103 1797 3157; x_wconf 90' lang='lat' dir='ltr'><strong>noch</strong></span> <span class='ocrx_word' id='word_1_277' title='bbox 1825 3104 2017 3157; x_wconf 92' lang='lat' dir='ltr'><strong>immer</strong></span> <span class='ocrx_word' id='word_1_278' title='bbox 2056 3099 2149 3156; x_wconf 81' lang='lat' dir='ltr'><strong>auf</strong></span> 
     </span>
    </p>
   </div>
   <div class='ocr_carea' id='block_1_6' title="bbox 217 3186 2148 3765">
    <p class='ocr_par' dir='ltr' id='par_1_6' title="bbox 217 3186 2146 3346">
     <span class='ocr_line' id='line_1_32' title="bbox 217 3186 2146 3265; baseline 0.001 -25"><span class='ocrx_word' id='word_1_279' title='bbox 217 3187 372 3259; x_wconf 84' lang='lat' dir='ltr'><strong>einen</strong></span> <span class='ocrx_word' id='word_1_280' title='bbox 411 3186 886 3265; x_wconf 80' lang='lat' dir='ltr'><strong>apocalyptischen</strong></span> <span class='ocrx_word' id='word_1_281' title='bbox 924 3187 1106 3265; x_wconf 87' lang='lat' dir='ltr'><strong>Engel</strong></span> <span class='ocrx_word' id='word_1_282' title='bbox 1156 3189 1253 3247; x_wconf 77' lang='lat' dir='ltr'><strong>mit</strong></span> <span class='ocrx_word' id='word_1_283' title='bbox 1294 3190 1470 3246; x_wconf 84' lang='lat' dir='ltr'><strong>einem</strong></span> <span class='ocrx_word' id='word_1_284' title='bbox 1508 3189 1784 3250; x_wconf 86' lang='lat' dir='ltr'><strong>Schliissel</strong></span> <span class='ocrx_word' id='word_1_285' title='bbox 1834 3210 1902 3250; x_wconf 87' lang='lat' dir='ltr'><strong>zu</strong></span> <span class='ocrx_word' id='word_1_286' title='bbox 1941 3189 2146 3247; x_wconf 87' lang='lat' dir='ltr'><strong>diesem</strong></span> 
     </span>
     <span class='ocr_line' id='line_1_33' title="bbox 217 3273 536 3346; baseline 0.006 -20"><span class='ocrx_word' id='word_1_287' title='bbox 217 3273 536 3346; x_wconf 81' lang='lat' dir='ltr'><strong>Abgrund.“</strong></span> 
     </span>
    </p>

    <p class='ocr_par' dir='ltr' id='par_1_7' title="bbox 219 3358 2148 3697">
     <span class='ocr_line' id='line_1_34' title="bbox 335 3358 2147 3434; baseline 0.001 -23"><span class='ocrx_word' id='word_1_288' title='bbox 335 3358 490 3419; x_wconf 83' lang='lat' dir='ltr'><strong>Quae</strong></span> <span class='ocrx_word' id='word_1_289' title='bbox 518 3379 683 3433; x_wconf 88' lang='lat' dir='ltr'><strong>quum</strong></span> <span class='ocrx_word' id='word_1_290' title='bbox 721 3360 797 3416; x_wconf 87' lang='lat' dir='ltr'><strong>ita</strong></span> <span class='ocrx_word' id='word_1_291' title='bbox 827 3368 1007 3417; x_wconf 82' lang='lat' dir='ltr'><strong>essent</strong></span> <span class='ocrx_word' id='word_1_292' title='bbox 1047 3379 1207 3415; x_wconf 90' lang='lat' dir='ltr'><strong>unam</strong></span> <span class='ocrx_word' id='word_1_293' title='bbox 1236 3369 1444 3417; x_wconf 89' lang='lat' dir='ltr'><strong>tantum</strong></span> <span class='ocrx_word' id='word_1_294' title='bbox 1472 3362 1669 3418; x_wconf 89' lang='lat' dir='ltr'><strong>lineam</strong></span> <span class='ocrx_word' id='word_1_295' title='bbox 1697 3371 1904 3417; x_wconf 88' lang='lat' dir='ltr'><strong>rectam</strong></span> <span class='ocrx_word' id='word_1_296' title='bbox 1947 3369 2001 3415; x_wconf 88' lang='lat' dir='ltr'><strong>et</strong></span> <span class='ocrx_word' id='word_1_297' title='bbox 2028 3359 2147 3434; x_wconf 89' lang='lat' dir='ltr'><strong>phi—</strong></span> 
     </span>
     <span class='ocr_line' id='line_1_35' title="bbox 219 3443 2148 3523; baseline 0.002 -26"><span class='ocrx_word' id='word_1_298' title='bbox 219 3443 538 3517; x_wconf 89' lang='lat' dir='ltr'><strong>losophiam,</strong></span> <span class='ocrx_word' id='word_1_299' title='bbox 583 3455 771 3520; x_wconf 89' lang='lat' dir='ltr'><strong>utpote</strong></span> <span class='ocrx_word' id='word_1_300' title='bbox 809 3467 949 3522; x_wconf 91' lang='lat' dir='ltr'><strong>quae</strong></span> <span class='ocrx_word' id='word_1_301' title='bbox 978 3447 1135 3503; x_wconf 87' lang='lat' dir='ltr'><strong>simul</strong></span> <span class='ocrx_word' id='word_1_302' title='bbox 1162 3450 1479 3504; x_wconf 81' lang='lat' dir='ltr'><strong>brevissima</strong></span> <span class='ocrx_word' id='word_1_303' title='bbox 1520 3459 1681 3519; x_wconf 91' lang='lat' dir='ltr'><strong>esset,</strong></span> <span class='ocrx_word' id='word_1_304' title='bbox 1728 3449 2007 3523; x_wconf 85' lang='lat' dir='ltr'><strong>amplexus</strong></span> <span class='ocrx_word' id='word_1_305' title='bbox 2049 3455 2148 3516; x_wconf 86' lang='lat' dir='ltr'><strong>est,</strong></span> 
     </span>
     <span class='ocr_line' id='line_1_36' title="bbox 222 3529 2148 3609; baseline 0.003 -27"><span class='ocrx_word' id='word_1_306' title='bbox 222 3549 382 3604; x_wconf 88' lang='lat' dir='ltr'><strong>quam</strong></span> <span class='ocrx_word' id='word_1_307' title='bbox 409 3529 632 3586; x_wconf 88' lang='lat' dir='ltr'><strong>Persius</strong></span> <span class='ocrx_word' id='word_1_308' title='bbox 659 3534 748 3589; x_wconf 90' lang='lat' dir='ltr'><strong>ille</strong></span> <span class='ocrx_word' id='word_1_309' title='bbox 777 3554 922 3604; x_wconf 81' lang='lat' dir='ltr'><strong>SUUS,</strong></span> <span class='ocrx_word' id='word_1_310' title='bbox 954 3554 1115 3609; x_wconf 92' lang='lat' dir='ltr'><strong>quem</strong></span> <span class='ocrx_word' id='word_1_311' title='bbox 1143 3535 1197 3591; x_wconf 90' lang='lat' dir='ltr'><strong>in</strong></span> <span class='ocrx_word' id='word_1_312' title='bbox 1228 3535 1434 3591; x_wconf 86' lang='lat' dir='ltr'><strong>deliciis</strong></span> <span class='ocrx_word' id='word_1_313' title='bbox 1464 3536 1717 3603; x_wconf 85' lang='lat' dir='ltr'><strong>habebat,</strong></span> <span class='ocrx_word' id='word_1_314' title='bbox 1746 3535 1896 3590; x_wconf 89' lang='lat' dir='ltr'><strong>hisce</strong></span> <span class='ocrx_word' id='word_1_315' title='bbox 1927 3552 2148 3607; x_wconf 83' lang='lat' dir='ltr'><strong>expres-</strong></span> 
     </span>
     <span class='ocr_line' id='line_1_37' title="bbox 222 3617 2146 3697; baseline 0.003 -26"><span class='ocrx_word' id='word_1_316' title='bbox 222 3618 317 3672; x_wconf 83' lang='lat' dir='ltr'><strong>sit:</strong></span> <span class='ocrx_word' id='word_1_317' title='bbox 360 3617 672 3688; x_wconf 89' lang='lat' dir='ltr'><strong>„Minimum</strong></span> <span class='ocrx_word' id='word_1_318' title='bbox 703 3630 802 3692; x_wconf 88' lang='lat' dir='ltr'><strong>est,</strong></span> <span class='ocrx_word' id='word_1_319' title='bbox 846 3622 996 3696; x_wconf 88' lang='lat' dir='ltr'><strong>quod</strong></span> <span class='ocrx_word' id='word_1_320' title='bbox 1024 3623 1165 3680; x_wconf 87' lang='lat' dir='ltr'><strong>scire</strong></span> <span class='ocrx_word' id='word_1_321' title='bbox 1196 3623 1441 3679; x_wconf 78' lang='lat' dir='ltr'><strong>labor0.“</strong></span> <span class='ocrx_word' id='word_1_322' title='bbox 1501 3620 1727 3697; x_wconf 89' lang='lat' dir='ltr'><strong>(Jacobi</strong></span> <span class='ocrx_word' id='word_1_323' title='bbox 1758 3621 1790 3675; x_wconf 92' lang='lat'><strong>1.</strong></span> <span class='ocrx_word' id='word_1_324' title='bbox 1821 3622 1852 3676; x_wconf 94' lang='grc'><strong>1.</strong></span> <span class='ocrx_word' id='word_1_325' title='bbox 1884 3641 1937 3696; x_wconf 89' lang='lat' dir='ltr'><strong>p.</strong></span> <span class='ocrx_word' id='word_1_326' title='bbox 1975 3619 2146 3696; x_wconf 75' lang='lat'><strong>121.)</strong></span> 
     </span>
    </p>

    <p class='ocr_par' dir='ltr' id='par_1_8' title="bbox 1726 3708 1815 3765">
     <span class='ocr_line' id='line_1_38' title="bbox 1726 3708 1815 3765; baseline 0 -19"><span class='ocrx_word' id='word_1_327' title='bbox 1726 3710 1761 3765; x_wconf 83' lang='lat'>5</span> <span class='ocrx_word' id='word_1_328' title='bbox 1779 3708 1815 3746; x_wconf 60' lang='grc' dir='ltr'><strong>’κ</strong></span> 
     </span>
    </p>
   </div>
  </div>
 </body>
</html>
