2418 3854
1186 104 1203 127 l

1119 180 1201 239 49

201 358 709 432 „serordentlicher,
741 358 819 411 als
850 355 1223 412 wesentlicher
1267 354 1484 429 Mangel
1531 356 1628 411 des
1664 377 1884 431 ganzen
1925 360 2127 430 BuchS,

190 449 355 520 „dass
399 467 456 501 es
502 445 811 499 demselben
858 464 926 498 an
961 443 1124 515 >einer
1166 441 1626 515 schulgerechten
1667 444 1984 520 Erkla'rung
2028 447 2124 502 des

193 533 648 606 „Hauptbegriffs
677 529 861 585 fehlt.“
2199 524 2201 526 ’

321 620 537 675 Etenim
569 638 732 691 quum
761 615 1171 671 Medelssohnus
1203 614 1468 687 principia
1498 615 1629 668 iuris
1660 624 1886 671 naturae
1931 618 2000 672 ad
2046 620 2125 673 di—

199 708 429 762 scrimen
461 704 915 775 intergecclesiam
949 712 1005 756 et
1049 703 1318 756 civitatem
1365 701 1799 757 constituendum
1840 706 2125 760 transtule-

195 795 283 863 rit,
314 792 639 866 permultum
666 792 929 844 interesse
961 797 1136 843 utrum
1163 788 1254 842 illa
1281 788 1593 862 priusquam
1622 789 1978 846 adhibeantur
1999 812 2126 865 pro-

196 880 374 934 banda
404 900 471 932 an
503 877 868 931 addubitanda
898 877 1020 930 sint.
1111 876 1400 930 Civitatem
1431 884 1487 929 et
1530 875 1815 931 ecclesiam
1858 897 2128 950 personae

194 968 363 1021 instar
391 964 668 1019 habendas
699 984 836 1033 esse,
869 963 1122 1036 quoniam
1150 982 1258 1016 una
1288 962 1589 1036 eademque
1620 982 1834 1017 morum
1876 964 2003 1039 lege
2045 966 2126 1020 ni-

189 1062 388 1109 tantur.
814 1101 818 1106 .
1330 1064 1333 1070 ·
2055 1044 2057 1046 ’

323 1139 384 1193 Si
412 1137 613 1191 iustitia
642 1136 884 1210 potentia
915 1134 1082 1189 evius
1113 1155 1145 1188 a
1174 1154 1234 1188 se
1265 1143 1602 1208 separentur,
1634 1135 2003 1192 definitionem
2046 1148 2126 1194 at-

196 1246 302 1300 que
356 1225 734 1297 auctoritatem
788 1222 1206 1302 uniuscuiusque
1261 1221 1455 1275 horum
1507 1223 1894 1278 vocabulorum
1937 1245 2128 1299 suspea

194 1322 337 1368 ctam
365 1311 554 1366 videri.
643 1310 927 1383 Originem
957 1308 1141 1381 legum
1170 1317 1284 1362 tum
1324 1309 1620 1381 sapientiae
1663 1319 1777 1364 tum
1821 1312 2125 1386 benignita-

195 1401 264 1454 tis
308 1397 751 1471 inexplorabilem
795 1416 931 1450 esse.
1023 1395 1179 1455 Quae
1225 1394 1269 1448 si
1313 1396 1645 1468 recipiantur
1688 1406 1746 1451 ut
1789 1417 1981 1453 revera
2023 1400 2129 1454 sint

191 1484 558 1558 recipiendae,
588 1484 670 1537 ius
701 1491 927 1536 naturae
959 1482 1176 1535 omnino
1205 1501 1667 1554 supervacaneum
1698 1503 1834 1539 esse.

308 1571 473 1632 Quod
505 1590 634 1623 vero
665 1568 1110 1623 Mendelssohnus
1142 1587 1254 1636 eos,
1292 1569 1381 1641 qui
1425 1570 1544 1622 iura
1588 1571 1655 1623 ab
1700 1571 1764 1624 iis
1810 1572 1901 1644 qui
1946 1570 2128 1628 officia

191 1659 444 1725 habeant,
473 1658 546 1711 ita
578 1656 802 1710 differre
831 1656 1081 1725 statuerit
1109 1664 1169 1707 ut
1197 1654 1250 1707 hi
1280 1653 1535 1708 facultate
1565 1657 1773 1725 morali,
1819 1658 1891 1710 illi
1934 1678 2126 1713 neces-

134 1755 138 1757 *
195 1746 352 1799 sitate
381 1743 573 1797 morali
606 1751 837 1809 utantur,
881 1741 1287 1795 id*Hamannus
1332 1750 1519 1795 censet
1561 1761 1668 1796 non
1715 1744 2127 1800 concedendum

193 1851 333 1899 esse,
363 1849 527 1903 quum
558 1829 776 1883 cuilibet
804 1829 856 1882 in
886 1836 1028 1882 statu
1059 1836 1284 1882 naturae
1314 1828 1513 1882 viventi
1542 1829 1623 1882 ius
1654 1829 1740 1899 sit,
1771 1850 2127 1906 quaecunque

195 1919 267 1973 ad
295 1916 683 1972 beatitudinem
712 1916 878 1987 ipsius
909 1914 1220 1969 conducere
1248 1914 1532 1968 videantur
1561 1935 1627 1969 ea
1669 1910 1770 1989 pro
1815 1917 1985 1972 lubitu
2030 1919 2125 1972 ad—

191 2003 427 2058 hibendi.
513 2004 815 2056 Praeterea
868 2021 1114 2056 mancam
1169 2021 1305 2055 esse
1332 2002 1476 2055 illam
1521 2001 1915 2074 definitionem,
1962 2026 2126 2079 quum

193 2091 469 2166 potentiae
501 2087 882 2164 (Vermiigen)
914 2108 1022 2142 non
1052 2087 1216 2141 modo
1257 2088 1552 2142 necessitas
1589 2109 1776 2144 verum
1822 2092 1984 2146 etiam
2026 2094 2124 2147 im-

191 2177 436 2252 potentia
467 2174 923 2251 (Unvermiigen)
955 2176 1128 2248 possit
1157 2174 1507 2247 respondere.

278 2298 284 2304 ‹
317 2266 420 2332 At,
450 2264 756 2335 interrogat
784 2263 1139 2329 HamannuS„
1157 2280 1337 2315 nonne
1378 2261 1570 2314 morali
1597 2264 1923 2319 necessitate
1953 2267 2124 2322 conti-

195 2355 354 2405 netur
383 2351 464 2404 ius
497 2349 793 2423 adigendi‘?
866 2348 1064 2403 Officia
1092 2349 1314 2417 habere,
1345 2368 1507 2422 quum
1537 2349 1983 2407 Mendelssoh‘nus
2029 2374 2124 2408 eos

198 2446 434 2506 censeat,
465 2438 556 2510 qui
586 2435 656 2489 ad
685 2435 1074 2490 beatitudinem
1104 2455 1256 2488 suam
1297 2436 1538 2508 ipsorum
1569 2439 1988 2514 comparandam
2017 2441 2124 2495 tale

196 2517 352 2597 quid,
397 2522 543 2597 quod
586 2523 881 2596 sapientiae
927 2531 982 2576 et
1024 2522 1369 2595 benignitatis
1423 2523 1636 2596 legibus
1682 2522 2026 2595 adversetur,
2070 2529 2120 2581 in

196 2610 445 2665 auxilium
476 2618 689 2678 vocent,
720 2611 801 2663 ius
833 2609 1248 2663 autemhabere
1293 2628 1405 2677 eOS,
1451 2610 1541 2682 qui
1583 2610 1638 2663 in
1684 2611 1915 2667 eundem
1959 2615 2123 2668 finem

194 2717 256 2751 re
287 2696 519 2770 quadam
550 2716 671 2750 cum
700 2697 800 2750 illis
830 2696 1043 2770 legibus
1074 2705 1414 2769 congruente
1443 2704 1687 2764 utantur-3
1732 2719 2005 2773 quumque
2036 2721 2121 2756 se-

197 2783 432 2839 cundum
463 2802 581 2836 eam
613 2781 1128 2846 doctrinamvofficio
1159 2783 1484 2836 necessitate
1514 2784 1857 2857 suscipiendo
1888 2788 2122 2841 iustitiae

195 2871 379 2944 legem
420 2869 674 2941 opitulari*
712 2869 1056 2923 statuendum
1102 2878 1273 2923 esset:
1329 2869 1632 2924 miserabile
1678 2873 1941 2925 eiusmodi
1978 2872 2121 2930 ,defi-

194 2958 482 3012 nitionibus
512 2964 737 3009 naturae
766 2956 848 3009 ius
880 2956 1076 3010 confici
1106 2955 1270 3009 docet
1297 2957 1614 3010 Hamannus
1636 2959 1834 3030 quippe
1857 2978 1963 3032 quo
1990 2979 2119 3014 con-

197 3043 548 3098 tradictiones
579 3042 711 3110 illas,
743 3061 874 3114 quas
907 3061 972 3095 ex
1002 3041 1403 3095 Mendelssohni
1433 3042 1679 3096 doctrina
1709 3045 1762 3096 in
1791 3045 2004 3119 legibus
2034 3066 2118 3101 sa-

197 3131 430 3202 pientiae
462 3137 517 3183 et
544 3128 951 3200 benevolentiae
980 3129 1156 3182 inesse
1187 3137 1604 3181 consentaneum
1635 3130 1718 3198 sit,
1761 3151 1898 3204 quae
1939 3141 2119 3188 tamen

199 3235 262 3270 re
290 3235 420 3270 vera
447 3215 590 3269 nullo
620 3213 785 3268 modo
815 3215 875 3268 in.
897 3215 960 3266 iis
989 3215 1166 3282 insint,
1193 3213 1335 3267 novo
1366 3213 1600 3286 quodam
1631 3225 1686 3270 et
1727 3217 1910 3272 illicito
1953 3220 2117 3273 modo

201 3303 597 3375 coniungantur
625 3311 786 3374 atque
814 3309 1209 3354 removeantur.
1299 3300 1412 3354 Sed
1455 3300 1733 3357 audiamus
1774 3306 2119 3360 Hamannum

201 3389 374 3460 ipsum
405 3397 595 3442 contra
625 3388 1000 3461 disputantem.
1084 3387 1246 3456 „Wie
1290 3387 1508 3456 sollte,“
1550 3389 1747 3462 inquit,
1795 3389 1950 3464 (VII,
1984 3392 2115 3468 27.)

200 3473 327 3544 „die
359 3474 792 3549 Gerechtigkeit,
822 3474 1229 3530 welche-ciuem
1257 3473 1431 3528 Jeden
1463 3473 1562 3528 das
1596 3476 1759 3530 Seine
1789 3477 1956 3550 giebt,
2002 3477 2114 3533 auf-

202 3561 408 3630 „hiiren
439 3579 507 3614 zu
536 3561 678 3630 sein,
720 3581 828 3619 was
858 3563 936 3617 sie
965 3561 1061 3631 ist,
1090 3561 1173 3615 ihr
1202 3561 1363 3635 eigen
1392 3562 1591 3617 Wesen
1623 3563 1953 3638 verl'augnen
1982 3567 2116 3620 kiin-

1578 3650 1614 3702 4
