2418 3854
1227 185 1306 247 32

304 361 668 436 Philosophos
707 361 863 416 nimis
907 360 1119 414 acerbis
1159 362 1432 436 castigans
1473 361 1652 416 verbis
1691 361 1824 420 dicit
1863 383 2011 420 esse:
2054 366 2228 442 magi-

305 459 448 505 stros
491 448 837 504 multitudinis
881 465 1145 501 canonem
1182 446 1300 502 fere
1341 447 1670 517 exhibenteS‚
1715 451 1908 506 artium
1949 453 2228 508 virtutum-

308 556 415 611 que
443 536 709 590 immerito
738 532 902 587 laude
930 532 1345 608 celebratarum,
1378 532 1468 608 (S.
1500 532 1635 610 40.)
1668 536 1760 607 qui
1788 528 1952 612 longe
1981 547 2106 612 post
2132 558 2228 594 an·

305 632 657 688 tecessorem‚
681 611 970 693 divumque
999 628 1286 691 patronum
1316 629 1479 693 atque
1510 621 1802 693 exemplar,
1832 622 2117 680 Socratem
2147 625 2229 680 di-

308 710 399 778 cit,
445 709 830 780 relinquantur,
875 726 999 760 cum
1029 706 1097 759 ab
1129 707 1344 780 origine
1375 707 1694 761 Socraticae
1723 707 2094 783 philosophiae
2123 713 2156 768 i.
2179 729 2228 770 e,

306 797 375 850 ab
406 793 712 868 ignorantia
743 794 934 846 mirum
965 801 1223 865 quantum
1252 791 1551 847 discedant.
1614 793 2019 867 Philosophiam
2048 808 2230 853 autem

305 879 614 936 necessario
658 878 1022 933 exornandam
1062 898 1183 932 esse
1227 878 1331 934 alia
1370 887 1538 948 veste,
1581 880 1627 933 si
1657 881 1772 934 eius
1801 881 2024 949 historia
2065 883 2228 959 (Ein-

303 969 529 1040 leitung‚
564 967 660 1034 15,
697 964 825 1041 16.)
856 984 964 1018 non
994 964 1219 1036 amplius
1251 984 1319 1019 ex
1346 984 1498 1020 mere
1528 967 1782 1039 cogitatis
1813 978 2103 1040 constaret,
2130 970 2230 1026 sed

307 1054 378 1108 ad
418 1054 579 1107 vitam
619 1053 794 1125 magis
836 1050 1144 1105 accederet.
1237 1051 1323 1105 Ita
1364 1053 1504 1106 enim
1542 1071 1644 1126 pro
1684 1054 1843 1127 pictis
1881 1055 2230 1130 philosophia,

304 1158 602 1212 eorumque
638 1137 838 1192 hermis
879 1137 1018 1192 belle
1058 1137 1310 1193 mutilatis
1339 1158 1561 1211 prorsus
1591 1139 1837 1195 diversos
1876 1141 2229 1199 exhibiturum

303 1236 466 1300 atque
506 1244 697 1279 eorum
737 1243 917 1278 mores
963 1233 1019 1278 et
1061 1223 1223 1291 dicta,
1268 1244 1557 1299 rerumque
1587 1237 1864 1300 gestarum
1893 1231 2230 1285 narrationes

304 1313 575 1369 coloribus
607 1330 729 1365 esse
759 1312 1102 1380 imitaturam,
1147 1312 1237 1385 qui
1268 1313 1442 1386 magis
1471 1313 1634 1368 vitam
1663 1314 1911 1387 prodant.

416 1428 475 1483 Si
504 1446 605 1500 pro
638 1426 932 1495 annalibuS,
974 1425 1453 1501 pinacothecisque
1495 1426 1878 1502 philosophicis
1918 1427 2046 1500 fata,
2090 1449 2231 1505 quae

299 1513 639 1590 philosophia
681 1513 825 1586 apud
869 1513 998 1566 alias
1039 1522 1251 1587 genteS,
1297 1513 1539 1587 aliosque
1569 1515 1829 1583 homines,
1874 1517 1988 1571 aliis
2016 1525 2229 1592 tempo·

299 1603 449 1658 ribus
478 1619 738 1674 perpessa
769 1609 868 1669 est,
899 1601 972 1654 ita
995 1599 1118 1669 loci,
1148 1600 1426 1673 temporiS‚
1455 1600 1729 1656 hominum
1759 1602 1968 1658 ratione
1991 1603 2230 1659 adhibita

302 1688 757 1755 describerentur,
786 1686 1009 1741 historia
1041 1706 1215 1760 aeque
1245 1706 1310 1741 ac
1339 1686 1676 1761 philosophia
1701 1689 1865 1763 longe
1889 1690 2228 1764 aliamprae-

297 1777 493 1830 herent
521 1774 774 1847 speciem.
863 1773 1043 1835 Quum
1073 1793 1203 1827 vero
1246 1771 1510 1846 ejusmodi
1538 1774 1910 1848 philosophiae
1948 1776 2228 1832 historiam

298 1860 568 1917 tractandi
597 1861 862 1914 rationem
892 1861 1045 1934 sequi
1075 1879 1182 1914 non
1214 1862 1607 1930 consueverint,
1636 1862 1906 1917 Bruckeri
1937 1876 1992 1918 et
2005 1864 2228 1919 Stanleii

301 1968 437 2023 opus
467 1948 555 2002 vix
586 1967 651 2001 ex
683 1955 840 2020 parte
868 1944 1171 2020 perfectum
1212 1956 1267 2001 et
1295 1948 1512 2002 minime
1540 1946 1880 2023 frugiferum,
1922 1943 2225 2006 Deslande-

300 2036 365 2090 sii
406 2033 523 2089 fere
564 2034 748 2089 inutile
790 2033 1080 2088 dicendum
1123 2034 1221 2087 sibi
1261 2034 1449 2089 videri.
1540 2031 1618 2109 (Ι,
1650 2036 1791 2091 473.
1876 2036 1973 2091 Ich
2004 2037 2144 2093 habe
2173 2037 2228 2093 in

301 2122 408 2177 den
438 2123 597 2177 Sokr.
627 2119 856 2176 Denkw.
896 2120 1145 2194 zugleich
1189 2120 1310 2175 eine
1339 2122 1525 2176 Probe
1570 2141 1674 2176 von
1705 2127 1855 2177 einer
1883 2123 2227 2198 lebendr‘gern

299 2213 426 2273 Art,
470 2208 559 2263 die
593 2207 924 2262 Geschic-hte
964 2207 1064 2262 der
1092 2207 1443 2281 Philosophie
1488 2210 1555 2262 zu
1584 2208 1843 2279 studiren,
1887 2211 2066 2284 geben
2099 2211 2225 2268 wol-

296 2295 437 2373 len.)
528 2294 780 2350 Sterilem
823 2306 1002 2349 autem
1041 2294 1251 2349 huncce
1295 2294 1569 2349 historiam
1612 2305 1665 2350 et
1694 2290 2084 2370 philosophiam
2114 2306 2224 2352 tra-

301 2382 494 2463 ctandi‘
511 2381 730 2437 modum
753 2382 991 2455 conspici
1013 2401 1229 2456 quoque
1258 2383 1308 2436 in
1333 2382 1626 2437 tractandis
1644 2383 1970 2457 antiquitatis
1994 2384 2226 2458 scripto-

298 2472 465 2540 ribus,
509 2489 690 2543 quum,
735 2469 826 2542 qui
855 2489 914 2523 se
945 2470 1301 2542 profiteantur
1329 2469 1427 2522 viri
1458 2468 1623 2538 docti,
1666 2489 1773 2523 non
1805 2469 2098 2543 quomodo,
2126 2470 2225 2525 sed

302 2566 435 2632 quot
472 2557 577 2611 sint
613 2554 851 2629 legendi,
895 2563 1219 2628 spectarent.
1310 2552 1400 2630 (S.
1438 2556 1513 2611 18
1545 2553 1609 2611 f.:
1667 2557 1837 2610 Hatte
1881 2555 1981 2611 der
2019 2557 2225 2612 Kiinst-

298 2642 468 2719 ler*),
512 2641 746 2698 welcher
773 2641 870 2696 mit
898 2643 1049 2696 einer
1076 2642 1243 2696 Linse
1275 2641 1444 2696 durch
1476 2643 1560 2696 ein
1591 2636 1874 2696 Nadeliihr
1902 2641 2035 2712 tras,
2077 2642 2226 2699 nicht

300 2750 370 2785 an
402 2730 578 2784 einem
608 2728 848 2782 Scheffel
876 2728 1078 2783 Linsen
1120 2747 1310 2802 genug
1338 2748 1435 2781 zur
1465 2729 1702 2802 Uebung
1742 2730 1922 2783 seiner
1951 2720 2222 2785 erworbe-

297 2837 405 2873 nen
437 2813 970 2870 Geschicklichkeit?
1053 2813 1224 2869 Diese
1252 2815 1441 2888 Frage
1471 2815 1686 2869 miichte
1716 2836 1837 2870 man
1880 2835 1948 2870 an
1977 2815 2078 2870 alle
2109 2817 2223 2870 Ge-

297 2901 667 2970 lehrte'thun‚
724 2901 924 2955 welche
968 2901 1057 2955 die
1096 2902 1302 2956 Werke
1342 2900 1443 2955 der
1482 2901 1636 2956 Alten
1679 2902 1827 2957 nicht
1866 2902 2088 2979 kliiger‚
2124 2901 2222 2956 ¹als

290 2989 453 3065 jener
498 2989 586 3043 die
615 2988 815 3041 Linsen
857 3007 925 3041 zu
953 2987 1228 3042 brauchen
1272 2988 1476 3043 wissen.
1563 2990 1739 3045 Wenn
1787 2989 1881 3044 wir
1919 2987 2072 3044 mehr
2107 2986 2223 3044 hait-

296 3086 408 3145 τευ,
439 3075 515 3129 als
543 3095 643 3130 uns
675 3073 762 3129 die
783 3075 907 3130 Zeit
933 3074 1028 3129 hat
1055 3074 1330 3129 schenken
1362 3074 1568 3143 wollen‚
1598 3095 1658 3129 so
1689 3075 1909 3130 wiirden
1939 3076 2036 3131 wir
2058 3074 2227 3129 selbst

299 3162 591 3239 genothigt
627 3161 871 3232 werden,
927 3181 1124 3216 unsere
1163 3161 1471 3237 Ladungen
1529 3163 1667 3216 iiber
1705 3160 1859 3216 Bord
1899 3180 1968 3216 zu
2006 3158 2225 3232 werten,

410 3444 457 3498 *)
483 3446 545 3488 Er
565 3446 667 3486 liess
698 3444 790 3483 sich
810 3454 890 3482 vor
909 3443 1159 3483 Alexander
1178 3443 1253 3483 mit
1274 3437 1417 3484 dieser
1438 3444 1828 3486 Geschicklichkeit
1850 3445 2000 3499 seben,
2030 3445 2226 3486 Alexan-

296 3524 374 3562 der
404 3523 506 3561 aber
532 3518 797 3559 beschenkte
826 3516 900 3555 ihn
931 3527 1028 3555 zum
1055 3516 1181 3555 Lohn
1210 3515 1279 3554 fiir
1309 3516 1427 3556 diese
1447 3517 1589 3557 Kunst
1618 3517 1728 3556 ohne
1749 3517 1919 3557 Nutzen
1947 3518 2038 3558 und
2069 3514 2224 3561 Gebalt

296 3594 372 3634 mit
401 3594 541 3634 einem
571 3590 759 3632 Scheffel
788 3588 967 3629 Linsen.
