2418 3854
1110 193 1188 253 13

183 383 362 432 menta
392 372 753 439 retinuerunt,
784 389 924 443 quae
953 370 1051 423 sub
1082 369 1286 423 iteratis
1311 366 1591 431 ,infaustae
1619 365 1870 423 fortunae
1899 372 2112 427 casibus

182 482 289 517 non
312 462 467 515 aliter
488 458 741 512 dirimere
763 455 844 510 fas
872 465 1006 524 erat,
1031 456 1130 509 nisi
1150 456 1387 508 muneris
1411 455 1491 508 sui
1514 455 1736 510 iactura.
1774 452 1930 530 (VII,
1956 460 2078 514 395
2098 481 2113 512 ε

181 548 341 604 Nach
368 565 430 601 so
461 545 636 599 vielen
665 543 854 597 harten
886 541 996 596 und
1025 541 1225 599 bittern
1253 539 1593 613 Priifungen,
1623 541 1712 596 die
1733 542 1848 596 sich
1870 543 1996 598 kein
2017 565 2110 600 an-

182 635 347 690 derer
383 631 673 697 vorstellen
713 630 885 698 kann,
928 626 1029 688 der
1065 627 1213 682 nicht
1253 628 1308 680 in
1345 627 1552 680 meiner
1593 627 1762 683 Stelle
1801 629 1913 684 und
1952 630 2113 705 Lage

180 718 483 796 gewesen.)

310 806 425 861 Sed
465 812 705 858 extrema
744 800 882 855 haec
924 799 1200 854 calamitas
1238 806 1443 853 tantum
1483 796 1678 868 abfuit,
1717 809 1778 855 ut
1817 822 1940 857 eum
1967 799 2112 859 fran-

181 901 367 968 geret,
409 899 465 945 et
505 890 648 944 omni
690 887 1059 941 consolatione
1103 887 1366 960 privaret,
1395 894 1456 940 ut
1493 885 1682 940 relicta
1720 888 2112 962 Regiomontio

180 981 318 1036 urbe
359 997 498 1032 anno
538 973 1079 1036 MDCOLXXXVII
1119 972 1337 1026 tandem
1382 972 1669 1046 aliquando
1699 974 1751 1027 in
1783 976 1954 1029 sinum
1985 996 2114 1050 gre—-

181 1067 453 1137 miumque
483 1062 780 1115 amicorum
810 1057 1151 1136 confugeret,
1180 1060 1362 1132 ibique
1391 1061 1880 1132 regenerationem,
1911 1070 1970 1116 ut
1997 1065 2115 1136 ipse

184 1153 331 1221 dicit,
363 1149 516 1224 (VII,
549 1149 692 1215 395,
724 1147 867 1214 372,
899 1144 1075 1221 412.)
1107 1165 1259 1199 suam
1297 1154 1656 1218 exspectaret.
1745 1147 1955 1208 Quodsi
1986 1149 2117 1224 quid

183 1234 459 1310 est,„quod
489 1234 650 1287 animi
679 1232 1131 1305 magnitudinem,
1163 1232 1410 1285 eximiam
1449 1252 1660 1287 morum
1707 1243 1763 1288 et
1790 1235 1994 1308 ingenii
2023 1235 2116 1290 fir—

180 1325 422 1380 mitatem
448 1321 621 1394 possit
650 1319 948 1388 declarare,
977 1318 1104 1372 nihil
1134 1319 1309 1392 magis
1340 1318 1395 1372 id
1424 1327 1607 1391 potest
1632 1329 1931 1392 praestare,
1955 1342 2118 1396 quam

182 1411 322 1466 haec
361 1408 454 1463 diu
476 1414 848 1480 praeparata,
892 1425 1034 1460 nunc
1074 1413 1388 1477 perpetrata
1425 1406 1699 1460 Hamanni
1738 1407 1884 1481 apud
1913 1410 2117 1465 amicos

183 1495 556 1553 commoratio.
643 1493 979 1547 Amicissime
1020 1491 1214 1546 eximia
1253 1492 1367 1545 eius
1422 1494 1726 1547 reverentia
1768 1503 1824 1548 et
1866 1497 2116 1551 aestima-

181 1585 332 1642 tione
359 1581 548 1636 imbuti
579 1579 850 1652 excipiunt
874 1578 1279 1648 advenientem,
1309 1587 1598 1651 aegrotum
1637 1579 1866 1634 sollicite
1909 1591 2117 1652 curant,

182 1690 286 1724 nec
317 1667 616 1724 certissima
646 1665 842 1719 desunt
871 1665 1225 1733 documenta,
1254 1684 1591 1738 magnopere
1619 1666 1826 1738 ipsum,
1857 1687 2018 1740 quam
2048 1669 2119 1725 de

182 1758 302 1830 ipso
343 1773 597 1827 magnam
636 1753 909 1806 habebant
953 1751 1288 1825 opinionem,
1327 1760 1671 1823 praesentem
1701 1754 1942 1825 auxisse,
1973 1755 2118 1812 unde

181 1841 340 1898 facile
371 1840 556 1914 colligi
583 1847 783 1912 potest,
814 1848 1013 1912 quanta
1033 1838 1159 1892 huic
1181 1847 1292 1892 tam
1315 1837 1569 1910 vulgatae
1591 1839 1969 1916 existimationi
1991 1844 2117 1897 sub-

180 1927 345 1984 fuerit
386 1928 495 1982 viri>
525 1925 775 2000 dignitas
795 1923 851 2002 *)
941 1926 1033 1980 Du
1072 1925 1179 1979 bist
1218 1925 1321 1978 mir
1363 1925 1447 1978 ein
1500 1925 1819 2000 gewaltiges
1859 1929 2118 2001 Zeichen,

181 2016 321 2071 haec
349 2021 474 2069 sunt
499 2014 667 2067 verba
694 2013 937 2081 Jacobii,
968 2011 1067 2066 der
1096 2013 1376 2079 Hamann,
1406 2010 1511 2066 den
1542 2012 1631 2065 ich
1669 2013 1826 2067 mehr
1853 2015 1930 2070 als
1958 2016 2118 2088 liebe,

184 2102 286 2156 der
313 2102 416 2156 mir
443 2098 694 2154 Andacht
722 2098 981 2169 einfliisst,
1010 2097 1121 2152 und
1143 2098 1285 2152 mein
1304 2098 1457 2151 Herz
1480 2118 1602 2152 zum
1620 2100 1878 2155 ,Glauben
1899 2103 2118 2175 stimmt,

183 2189 286 2243 der
322 2189 392 2242 ist
429 2186 554 2240 kein
595 2186 1021 2259 Hirngespinnst
1056 2184 1167 2239 und
1207 2183 1295 2239 ich
1334 2185 1461 2238 kein
1501 2185 1685 2257 Thor,
1726 2186 1828 2242 der
1855 2208 1959 2244 nur
1997 2191 2118 2247 eine

181 2274 382 2332 Wolke
409 2270 650 2327 umfasst.

313 2360 635 2416 Accuratius
665 2357 809 2412 idem
841 2377 989 2427 eam,
1020 2375 1159 2431 quae
1199 2357 1374 2430 ipsum
1404 2357 1545 2412 inter
1579 2367 1634 2414 et
1661 2359 2007 2417 Hamannum
2037 2365 2117 2419 in·-

184 2448 436 2503 tercessit
472 2443 887 2500 familiaritatem
929 2463 995 2498 ac
1037 2444 1490 2498 necessitudinem
1544 2445 1598 2500 in
1645 2447 1832 2520 priore
1884 2450 2119 2523 quadam

188 2533 416 2607 epistola
443 2531 524 2586 his
554 2532 732 2586 verbis
765 2531 1040 2604 exprimit:
1067 2532 1348 2585 Hamann!
1377 2532 1570 2587 Vater!
1598 2565 1687 2601 5-—
1716 2554 1869 2591 wenn
1897 2537 1991 2592 Du
2023 2557 2121 2593 vor

187 2621 290 2675 mir
317 2617 506 2674 stehen
547 2619 718 2674 wirst!
758 2617 857 2672 Ich
897 2615 1041 2672 fiihle
1082 2620 1383 2691 Genesung
1418 2619 1472 2672 in
1503 2618 1641 2674 allen
1669 2621 1884 2677 meinen
1914 2626 2120 2680 Gebei·

186 2727 320 2776 nen,
364 2706 420 2759 in
461 2704 585 2759 dem
627 2705 1029 2779 Augenblicke,
1073 2724 1156 2760 wo
1196 2705 1284 2759 ich
1315 2705 1493 2759 dieses
1524 2706 1790 2764 schreibe.
1853 2706 2120 2786 (Jacobi’s

186 2794 393 2851 Werke
422 2791 516 2861 IV,
548 2790 810 2868 3‚-377.)

316 2877 479 2941 Quod
520 2876 891 2933 familiaritatis
932 2878 1201 2932 vinculum
1245 2886 1356 2932 tam
1398 2886 1607 2934 arctum
1643 2881 1846 2955 ubique
1877 2893 2121 2957 apparet,

188 2976 248 3021 ut
276 2984 308 3019 a
336 2965 492 3019 nobis
522 2965 608 3017 vix
638 2965 808 3036 possit
836 2964 1081 3038 intelligi,
1111 2964 1155 3018 si
1183 2966 1501 3019 Hamannus
1524 2967 1606 3021 his
1628 2969 1807 3022 verbis
1833 2969 2122 3045 alloquitur

187 3052 499 3107 Jacobium:
532 3050 918 3105 Sonderlicher
947 3051 1088 3106 denn
1117 3052 1509 3118 Frauenliebe!
1539 3054 1724 3110 werde
1753 3055 1894 3111 auch
1924 3077 1993 3113 an
2022 3079 2118 3114 un-

189 3158 341 3193 serer
368 3134 771 3193 Freundschaft
800 3135 994 3192 erfiillt.
1023 3137 1182 3212 (ibid.
1213 3158 1266 3211 p.
1299 3137 1475 3213 391.)

304 3450 348 3498 *)
379 3447 736 3516 contingebat'in
766 3459 843 3504 eo,
877 3448 991 3499 quod
1019 3448 1237 3501 plerisque
1277 3456 1424 3492 contra
1460 3451 1591 3507 solet,
1623 3458 1672 3494 ut
1699 3454 1860 3505 majora
1889 3458 2029 3496 omnia
2055 3467 2119 3514 re,

192 3533 317 3571 quam
346 3521 459 3560 fama
487 3522 747 3579 viderentur,
778 3524 823 3563 id
854 3525 969 3573 quod
996 3530 1083 3564 non
1113 3536 1244 3577 saepe
1273 3526 1431 3578 evenit,
1463 3530 1511 3565 ut
1532 3529 1793 3578 exspectatio
1815 3540 1841 3568 a
1861 3529 2111 3584 cognitione

193 3605 318 3635 aures
348 3596 400 3634 ab
432 3594 567 3635 oculis
596 3595 884 3639 vincerentur.
925 3591 1138 3645 (Macrob.
1169 3598 1340 3639 Satura.
1371 3598 1463 3652 v1.,
1493 3594 1559 3647 2.)
1616 3636 1619 3637 γ
1982 3595 1986 3597 ’
