2418 3854
1214 189 1295 248 56

293 390 397 444 que
426 371 502 423 ita
528 367 886 423 Christianam
915 374 972 419 et
992 364 1360 420 Lutheranam
1390 357 1692 422 doctrinam
1720 375 1925 441 eorum,
1949 381 2096 444 quae
2115 382 2222 445 per

293 466 540 531 quartam
567 454 735 510 seculi
762 452 919 506 unius
947 461 1159 525 partem
1199 461 1349 508 tecto
1389 454 1604 508 nomine
1644 456 1884 556 scripsit,
1925 460 2215 532 argumen-

291 553 405 599 tum
432 541 598 597 fuisse
627 539 987 612 intelligimus.

422 630 782 684 Christianam
803 628 1012 680 autem
1024 622 1328 680 doctrinam
1359 629 1437 680 ab
1457 628 1745 680 Hamanno
1777 627 1846 682 ad
1886 632 2095 684 suamet
2134 630 2214 702 ip-
2254 636 2257 638 ’

292 718 400 772 sius
431 714 799 788 cognitionem
828 711 1239 766 accomodatam
1271 733 1391 766 esse
1421 732 1597 785 neque
1627 733 1757 767 vero
1789 714 1840 767 in
1871 716 2054 786 sterili,
2077 720 2219 789 quae

291 804 428 858 illius
457 800 716 873 temporis
747 807 891 868 erat,
923 797 1247 852 orthodoxia
1279 796 1374 872 (V.
1406 799 1630 872 Hegelii
1661 815 1755 873 op:
1778 808 1816 855 t.
1842 801 2129 871 XVH,·43
2163 812 2218 857 et

291 911 344 963 p.
388 887 519 964 50.)
543 905 738 959 tneque
777 886 831 939 in
882 883 1117 939 fanatica
1151 885 1363 957 piorum
1404 904 1601 939 nomen
1654 905 1787 960 prae
1837 901 1897 941 se·
1933 885 2220 943 ferentium

291 977 495 1050 pietate
535 973 865 1041 constitisse,
904 971 1022 1024 imo*
1053 969 1309 1043 profanas
1349 972 1551 1046 ingenii
1592 973 1901 1028 excellentis
1929 974 2219 1047 particulas

293 1061 554 1116 admixtas
583 1059 853 1126 habuisse,
883 1057 1211 1112 documento
1242 1077 1363 1112 esse
1393 1068 1617 1132 possunt
1644 1059 1843 1128 idoneo
1875 1080 1939 1114 ea
1949 1068 2144 1134 ,quae-
2164 1063 2219 1116 in

238 1161 243 1170 ‘
293 1150 401 1203 fine
429 1148 572 1201 vitae
602 1165 732 1216 suae
762 1145 938 1198 amico
969 1144 1209 1217 scripsit,
1240 1145 1406 1198 verba
1436 1145 1938 1220 si'gnificatissima,
1962 1165 2102 1220 quae
2130 1148 2220 1203 hic

292 1234 712 1309 praemittimus:
762 1231 1114 1300 „Irrthiimer'
1147 1231 1260 1285 und
1298 1231 1656 1300 Ketzereien,
1687 1231 1783 1286 auf
1808 1233 1896 1287 die
1925 1250 2048 1287 man
2076 1235 2222 1288 bona

293 1321 403 1376 fide
434 1322 670 1387 kommt,
700 1317 818 1372 sind
848 1318 1120 1372 bisweilen
1150 1317 1510 1387 lehrreicher,
1542 1319 1618 1373 als
1661 1319 1760 1373 der
1791 1320 1898 1374 alte
1928 1320 2222 1395 Sauerteig

295 1409 395 1462 der
425 1405 794 1473 Orthodoxie,
825 1404 931 1458 den
970 1423 1094 1458 man
1135 1405 1232 1459 mit
1272 1404 1397 1459 dem
1438 1405 1641 1472 Munde
1682 1400 1825 1460 ohne
1865 1405 2079 1462 Antheil
2124 1406 2222 1462 des

294 1495 603 1550 Gewissens
633 1493 887 1546 bekennt.
921 1490 1167 1566 (Jacobii
1198 1511 1287 1565 op.
1312 1490 1410 1561 IV,
1444 1493 1500 1561 3,
1534 1492 1709 1570 343.)
1740 1492 1954 1547 Ibidem
1983 1513 2034 1566 p.
2067 1488 2221 1548 42'6:

292 1583 370 1636 Es
400 1582 470 1634 ist
498 1580 601 1634 mir
629 1578 784 1634 mehr
813 1578 982 1632 daran
1003 1571 1258 1652 gelegen,
1284 1577 1392 1632 den
1413 1580 1580 1653 Gang
1601 1579 1860 1634 mancher
1882 1575 2223 1634 blendenden

291 1668 595 1723 Irrthiimer
634 1666 711 1719 als
751 1666 870 1718 ihre
914 1666 1146 1718 Genesis
1189 1665 1294 1720 und
1336 1666 1695 1740 Apokalypsis
1737 1686 1805 1720 zu
1834 1667 2075 1736 kennen·,
2104 1666 2224 1740 weil

292 1755 379 1809 ihr
415 1755 708 1826 Ursprung
748 1751 860 1805 und
903 1751 1022 1805 ihre
1064 1751 1283 1806 Wurzel
1322 1753 1376 1805 in
1418 1753 1570 1806 einer
1608 1752 1893 1808 Wahrheit
1930 1753 2090 1828 liegt,
2133 1747 2223 1807 die

294 1860 416 1896 man
462 1839 610 1894 nicht
638 1838 795 1894 recht
823 1837 1145 1892 verstanden
1167 1834 1284 1892 ¹und
1318 1839 1644 1912 angewandt
1672 1839 1806 1894 hat.'
1867 1840 2058 1896 Worin
2088 1839 2225 1914 li'egt

202 1965 208 1970 -
295 1929 475 1982 dieser
503 1924 881 1980 Missbrauch?
931 1916 1046 1978 Das
1088 1925 1157 1979 ist
1184 1925 1285 1979 -ein
1328 1924 1589 1980 Problem
1620 1945 1721 1979 von
1753 1925 2111 2001 Wichtigkeit
2136 1925 2246 1980 ίῖὶι·χ

293 2014 454 2069 mich.
540 2013 647 2067 Die
702 2011 1230 2084 Ketzergeschichte
1278 2011 1348 2065 ist
1401 2012 1500 2066 der
1554 2013 1871 2113 wichtigste
1912 2012 2073 2067 Theil
2125 2011 2226 2067 der

295 2098 735 2175 pragmatischen
764 2098 1252 2167 Kirchenhistorie,
1283 2098 1382 2152 wie
1413 2098 1510 2152 das
1538 2097 1698 2154 Base
1719 2101 1839 2154 eine
1868 2100 2224 2213 Haupttrieb-

296 2187 453 2242 feder
481 2187 593 2240 der
608 2187 799 2239 besten
828 2185 988 2241 Welt.
994 2189 1026 2216 “
2127 2199 2130 2206 “

425 2275 512 2329 Ex
543 2273 734 2347 quibus
763 2272 914 2339 lociS,
946 2291 1104 2345 quam
1134 2290 1325 2345 parum
1355 2272 1406 2326 in
1438 2273 1664 2345 mystica
1693 2272 1823 2326 illa
1810 2291 1985 2346 inque
2010 2289 2070 2326 se
2099 2272 2235 2346 ἰΡειῑ

300 2370 555 2417 contenta
582 2358 966 2432 tranquillitate
1008 2359 1368 2432 acquieverit,
1411 2368 1748 2432 quantopere
1797 2360 1975 2433 potius
2009 2377 2111 2432 pro
2143 2377 2227 2427 ea,

301 2468 440 2523 quae
470 2449 523 2500 in
555 2467 621 2501 6ο
654 2445 786 2501 erat'
800 2446 1005 2520 ingenii
1035 2446 1313 2500 alacritate
1339 2456 1394 2500 et
1417 2446 1746 2500 conscientia
1760 2445 1839 2499 ad
1866 2464 2047 2499 veram
2070 2444 2225 2521 theo-

299 2535 603 2635 logicarum
647 2552 864 2606 quoque
905 2551 1088 2587 rerum
1127 2533 1496 2606 cognitionem
1545 2531 1928 2605 adspiraverit,
1969 2532 2117 2607 quis
2113 2514 2227 2600 est,

302 2623 392 2695 qui
434 2641 542 2674 non
584 2620 796 2674 videat?
856 2619 988 2680 Quis
1033 2619 1266 2692 denique
1305 2612 1432 2672 inde
1472 2637 1578 2672 non
1620 2619 1911 2693 intelligat,
1953 2617 2226 2692 quomodo

300 2710 635 2775 HamannUS,
668 2706 906 2779 quamvis
936 2703 1684 2780 religiosis‘adnumerandus
1711 2703 1898 2774 fuerit,
1938 2705 2241 2759 nihilo‘2ta-‘22

302 2815 426 2849 men
456 2795 628 2848 minus
658 2792 1054 2865 philosophiam
1082 2801 1232 2846 tanto
1264 2788 1450 2845 amore
1481 2791 1731 2864 amplecti
1752 2793 2031 2864 potuerit?
2067 2790 2229 2865 Atqui

302 2883 409 2937 hoc
438 2882 642 2954 ipsum,
674 2879 821 2954 quod
852 2887 1175 2932 ex’naturae
1203 2878 1416 2952 legibus
1447 2878 1706 2933 evaderet
1734 2899 1958 2933 necesse
1991 2878 2146 2947 erat,
2177 2877 2228 2931 ei

305 2969 512 3023 crimini
542 2987 574 3021 a
606 2967 847 3021 Gervino
880 2964 1064 3020 datum
1088 2983 1207 3019 esse
1232 2958 1459 3034 constat,
1485 2985 1646 3039 quem
1667 2966 1838 3019 virum
1863 2965 2229 3020 doctissimum

303 3057 355 3109 in
389 3075 454 3108 eo
485 3074 746 3127 peccasse
774 3060 1052 3125 putamuS,
1083 3051 1228 3126 quod
1259 3052 1416 3121 illud,
1447 3051 1594 3125 quod
1619 3053 1966 3107 Hamannum
1993 3049 2230 3124 singula-

303 3143 398 3196 tim
429 3141 626 3193 dixerit
652 3139 1061 3239 investigandae
1091 3148 1146 3194 et
1176 3139 1561 3212 cognosendae
1603 3138 1883 3193 doctrinae
1922 3157 1955 3191 a
1996 3137 2228 3210 Spinosa

307 3228 558 3283 conditae
587 3226 729 3279 iusto
763 3227 1116 3280 curiosiorem
1145 3222 1326 3295 fuisse,
1358 3212 1764 3299 angustioribus
1781 3216 1972 3278 finibus
1996 3223 2227 3278 circum-

306 3315 549 3388 scripsit,
591 3331 754 3385 quum
795 3294 1043 3365 latiorem
1084 3312 1134 3366 ei
1176 3331 1425 3384 campum
1466 3314 1519 3366 in
1562 3313 1868 3366 universum
1919 3310 2227 3365 concedere

307 3401 570 3456 debuerit.
657 3399 893 3453 Tantum
939 3398 1079 3452 enim
1119 3399 1371 3451 absumus
1420 3407 1484 3453 ut
1531 3399 1873 3452 Hamannum
1915 3396 2226 3470 propterea,

307 3488 453 3562 quod
484 3508 516 3541 a
544 3485 775 3560 pueritia
802 3503 975 3557 usque
1005 3483 1074 3536 ad
1112 3484 1252 3536 vitae
1282 3485 1444 3539 finem
1474 3483 1963 3557 philosophicarum
1993 3483 2226 3556 discipli-

307 3595 492 3629 narum
535 3581 800 3647 perpetuo
844 3571 1104 3625 rationem
1147 3569 1419 3641 habuerit,
1463 3589 1662 3643 easque
1701 3570 1754 3625 in
1799 3590 2019 3625 examen
2065 3589 2224 3625 voca-
