<?xml version="1.0" encoding="UTF-8"?>
<!DOCTYPE html PUBLIC "-//W3C//DTD XHTML 1.0 Transitional//EN"
    "http://www.w3.org/TR/xhtml1/DTD/xhtml1-transitional.dtd">
<html xmlns="http://www.w3.org/1999/xhtml" xml:lang="en" lang="en">
 <head>
  <title>
</title>
<meta http-equiv="Content-Type" content="text/html;charset=utf-8" />
  <meta name='ocr-system' content='tesseract 3.04.00' />
  <meta name='ocr-capabilities' content='ocr_page ocr_carea ocr_par ocr_line ocrx_word'/>
</head>
<body>
  <div class='ocr_page' id='page_1' title='image "./dehamannivitaets00baue_0018.png"; bbox 0 0 2418 3854; ppageno 0'>
   <div class='ocr_carea' id='block_1_1' title="bbox 1202 188 1281 250">
    <p class='ocr_par' dir='ltr' id='par_1_1' title="bbox 1202 188 1281 250">
     <span class='ocr_line' id='line_1_1' title="bbox 1202 188 1281 250; baseline 0 0"><span class='ocrx_word' id='word_1_1' title='bbox 1202 188 1281 250; x_wconf 74' lang='lat'><strong>14</strong></span> 
     </span>
    </p>
   </div>
   <div class='ocr_carea' id='block_1_2' title="bbox 275 364 2276 3644">
    <p class='ocr_par' dir='ltr' id='par_1_2' title="bbox 277 364 2208 700">
     <span class='ocr_line' id='line_1_2' title="bbox 318 364 2207 446; baseline 0.002 -28"><span class='ocrx_word' id='word_1_2' title='bbox 318 380 321 383; x_wconf 64' lang='lat'><em>‘</em></span> <span class='ocrx_word' id='word_1_3' title='bbox 405 365 491 420; x_wconf 77' lang='lat' dir='ltr'><strong>Ita</strong></span> <span class='ocrx_word' id='word_1_4' title='bbox 526 368 798 421; x_wconf 89' lang='lat' dir='ltr'><strong>Hamanni</strong></span> <span class='ocrx_word' id='word_1_5' title='bbox 839 379 929 420; x_wconf 82' lang='lat' dir='ltr'><strong>res</strong></span> <span class='ocrx_word' id='word_1_6' title='bbox 969 384 1035 419; x_wconf 88' lang='lat' dir='ltr'><strong>eo</strong></span> <span class='ocrx_word' id='word_1_7' title='bbox 1073 365 1292 421; x_wconf 86' lang='lat' dir='ltr'><strong>tandem</strong></span> <span class='ocrx_word' id='word_1_8' title='bbox 1337 364 1609 421; x_wconf 89' lang='lat' dir='ltr'><strong>deductae</strong></span> <span class='ocrx_word' id='word_1_9' title='bbox 1649 377 1831 446; x_wconf 83' lang='lat' dir='ltr'><strong>erant,</strong></span> <span class='ocrx_word' id='word_1_10' title='bbox 1861 376 1921 422; x_wconf 91' lang='lat' dir='ltr'><strong>ut</strong></span> <span class='ocrx_word' id='word_1_11' title='bbox 1948 367 2207 423; x_wconf 77' lang='lat' dir='ltr'><strong>liberatus</strong></span> 
     </span>
     <span class='ocr_line' id='line_1_3' title="bbox 280 409 2208 533; baseline 0.002 -28"><span class='ocrx_word' id='word_1_12' title='bbox 280 453 346 506; x_wconf 92' lang='lat' dir='ltr'><strong>ab</strong></span> <span class='ocrx_word' id='word_1_13' title='bbox 388 453 634 508; x_wconf 86' lang='lat' dir='ltr'><strong>omnibus</strong></span> <span class='ocrx_word' id='word_1_14' title='bbox 677 453 818 508; x_wconf 88' lang='lat' dir='ltr'><strong>curis</strong></span> <span class='ocrx_word' id='word_1_15' title='bbox 858 452 1073 506; x_wconf 91' lang='lat' dir='ltr'><strong>laetiori</strong></span> <span class='ocrx_word' id='word_1_16' title='bbox 1108 453 1375 526; x_wconf 78' lang='lat' dir='ltr'><strong>inciperet</strong></span> <span class='ocrx_word' id='word_1_17' title='bbox 1421 451 1527 505; x_wconf 84' lang='lat' dir='ltr'><strong>frui</strong></span> <span class='ocrx_word' id='word_1_18' title='bbox 1568 453 1689 507; x_wconf 88' lang='lat' dir='ltr'><strong>vita.</strong></span> <span class='ocrx_word' id='word_1_19' title='bbox 1777 409 1996 533; x_wconf 52' lang='lat' dir='ltr'><strong>A’nimus</strong></span> <span class='ocrx_word' id='word_1_20' title='bbox 2037 465 2208 522; x_wconf 69' lang='lat' dir='ltr'><strong>meua,</strong></span> 
     </span>
     <span class='ocr_line' id='line_1_4' title="bbox 277 537 2208 653; baseline 0.002 -61"><span class='ocrx_word' id='word_1_21' title='bbox 277 537 423 592; x_wconf 84' lang='lat' dir='ltr'><strong>idem</strong></span> <span class='ocrx_word' id='word_1_22' title='bbox 461 538 631 595; x_wconf 81' lang='lat' dir='ltr'><strong>refert</strong></span> <span class='ocrx_word' id='word_1_23' title='bbox 669 557 809 593; x_wconf 90' lang='lat' dir='ltr'><strong>anno</strong></span> <span class='ocrx_word' id='word_1_24' title='bbox 842 538 1418 607; x_wconf 84' lang='lat' dir='ltr'><strong>MDCCLXXXVH,</strong></span> <span class='ocrx_word' id='word_1_25' title='bbox 1449 537 1665 592; x_wconf 86' lang='lat' dir='ltr'><strong>videtur</strong></span> <span class='ocrx_word' id='word_1_26' title='bbox 1691 542 1948 611; x_wconf 87' lang='lat' dir='ltr'><strong>recreari,</strong></span> <span class='ocrx_word' id='word_1_27' title='bbox 1977 550 2039 595; x_wconf 94' lang='lat' dir='ltr'><strong>ut</strong></span> <span class='ocrx_word' id='word_1_28' title='bbox 2066 541 2208 653; x_wconf 85' lang='lat' dir='ltr'><strong>laeta</strong></span> 
     </span>
     <span class='ocr_line' id='line_1_5' title="bbox 279 623 1852 700; baseline -0.002 -21"><span class='ocrx_word' id='word_1_29' title='bbox 279 625 420 679; x_wconf 86' lang='lat' dir='ltr'><strong>adsit</strong></span> <span class='ocrx_word' id='word_1_30' title='bbox 447 646 571 700; x_wconf 86' lang='lat' dir='ltr'><strong>spes</strong></span> <span class='ocrx_word' id='word_1_31' title='bbox 602 625 672 678; x_wconf 89' lang='lat' dir='ltr'><strong>ad</strong></span> <span class='ocrx_word' id='word_1_32' title='bbox 701 625 1043 679; x_wconf 81' lang='lat' dir='ltr'><strong>iuventutem</strong></span> <span class='ocrx_word' id='word_1_33' title='bbox 1061 626 1214 698; x_wconf 87' lang='lat' dir='ltr'><strong>quasi</strong></span> <span class='ocrx_word' id='word_1_34' title='bbox 1241 644 1418 679; x_wconf 89' lang='lat' dir='ltr'><strong>meam</strong></span> <span class='ocrx_word' id='word_1_35' title='bbox 1447 623 1781 678; x_wconf 90' lang='lat' dir='ltr'><strong>recurrendi.</strong></span> <span class='ocrx_word' id='word_1_36' title='bbox 1848 646 1852 653; x_wconf 60' lang='lat'>=</span> 
     </span>
    </p>

    <p class='ocr_par' dir='ltr' id='par_1_3' title="bbox 277 703 2210 1215">
     <span class='ocr_line' id='line_1_6' title="bbox 406 703 2210 785; baseline -0.001 -17"><span class='ocrx_word' id='word_1_37' title='bbox 406 715 522 768; x_wconf 90' lang='lat' dir='ltr'><strong>Iam</strong></span> <span class='ocrx_word' id='word_1_38' title='bbox 551 731 682 765; x_wconf 86' lang='lat' dir='ltr'><strong>vero</strong></span> <span class='ocrx_word' id='word_1_39' title='bbox 715 731 782 767; x_wconf 86' lang='lat' dir='ltr'><strong>ex</strong></span> <span class='ocrx_word' id='word_1_40' title='bbox 810 712 1003 765; x_wconf 89' lang='lat' dir='ltr'><strong>itinere</strong></span> <span class='ocrx_word' id='word_1_41' title='bbox 1034 730 1231 785; x_wconf 80' lang='lat' dir='ltr'><strong>aeger,</strong></span> <span class='ocrx_word' id='word_1_42' title='bbox 1261 731 1359 764; x_wconf 92' lang='lat' dir='ltr'><strong>sua</strong></span> <span class='ocrx_word' id='word_1_43' title='bbox 1388 703 1554 782; x_wconf 90' lang='lat' dir='ltr'><strong>ipsius</strong></span> <span class='ocrx_word' id='word_1_44' title='bbox 1586 710 1744 782; x_wconf 91' lang='lat' dir='ltr'><strong>culpa</strong></span> <span class='ocrx_word' id='word_1_45' title='bbox 1776 710 1999 766; x_wconf 90' lang='lat' dir='ltr'><strong>denuo</strong></span> <span class='ocrx_word' id='word_1_46' title='bbox 1983 731 2038 768; x_wconf 86' lang='lat' dir='ltr'><strong>m</strong></span> <span class='ocrx_word' id='word_1_47' title='bbox 2077 732 2210 768; x_wconf 85' lang='lat' dir='ltr'><strong>eun-</strong></span> 
     </span>
     <span class='ocr_line' id='line_1_7' title="bbox 279 796 2207 872; baseline -0.001 -17"><span class='ocrx_word' id='word_1_48' title='bbox 279 800 420 868; x_wconf 90' lang='lat' dir='ltr'><strong>dem,</strong></span> <span class='ocrx_word' id='word_1_49' title='bbox 453 817 559 872; x_wconf 90' lang='lat' dir='ltr'><strong>quo</strong></span> <span class='ocrx_word' id='word_1_50' title='bbox 589 798 751 871; x_wconf 88' lang='lat' dir='ltr'><strong>paulo</strong></span> <span class='ocrx_word' id='word_1_51' title='bbox 783 807 907 851; x_wconf 90' lang='lat' dir='ltr'><strong>ante</strong></span> <span class='ocrx_word' id='word_1_52' title='bbox 935 797 1191 851; x_wconf 87' lang='lat' dir='ltr'><strong>liberatus</strong></span> <span class='ocrx_word' id='word_1_53' title='bbox 1223 805 1358 864; x_wconf 90' lang='lat' dir='ltr'><strong>erat,</strong></span> <span class='ocrx_word' id='word_1_54' title='bbox 1389 796 1639 850; x_wconf 88' lang='lat' dir='ltr'>morbum</span> <span class='ocrx_word' id='word_1_55' title='bbox 1667 796 1872 866; x_wconf 76' lang='lat' dir='ltr'>incidit,</span> <span class='ocrx_word' id='word_1_56' title='bbox 1897 809 2055 871; x_wconf 84' lang='lat' dir='ltr'><strong>quem</strong></span> <span class='ocrx_word' id='word_1_57' title='bbox 2079 819 2207 854; x_wconf 90' lang='lat' dir='ltr'><strong>con-</strong></span> 
     </span>
     <span class='ocr_line' id='line_1_8' title="bbox 277 883 2211 959; baseline -0.001 -18"><span class='ocrx_word' id='word_1_58' title='bbox 277 886 501 942; x_wconf 87' lang='lat' dir='ltr'><strong>tinentia</strong></span> <span class='ocrx_word' id='word_1_59' title='bbox 528 884 668 958; x_wconf 90' lang='lat' dir='ltr'><strong>proh</strong></span> <span class='ocrx_word' id='word_1_60' title='bbox 700 883 860 938; x_wconf 88' lang='lat' dir='ltr'><strong>dolor</strong></span> <span class='ocrx_word' id='word_1_61' title='bbox 886 902 1011 937; x_wconf 84' lang='lat' dir='ltr'><strong>sera</strong></span> <span class='ocrx_word' id='word_1_62' title='bbox 1040 902 1182 937; x_wconf 90' lang='lat' dir='ltr'><strong>nunc</strong></span> <span class='ocrx_word' id='word_1_63' title='bbox 1224 901 1331 936; x_wconf 90' lang='lat' dir='ltr'><strong>non</strong></span> <span class='ocrx_word' id='word_1_64' title='bbox 1360 883 1651 937; x_wconf 88' lang='lat' dir='ltr'><strong>minuebat.</strong></span> <span class='ocrx_word' id='word_1_65' title='bbox 1695 883 1824 956; x_wconf 89' lang='lat' dir='ltr'><strong>Ipse</strong></span> <span class='ocrx_word' id='word_1_66' title='bbox 1853 892 2050 954; x_wconf 87' lang='lat' dir='ltr'><strong>autem,</strong></span> <span class='ocrx_word' id='word_1_67' title='bbox 2080 895 2211 959; x_wconf 79' lang='lat' dir='ltr'><strong>qua—</strong></span> 
     </span>
     <span class='ocr_line' id='line_1_9' title="bbox 277 947 2212 1044; baseline -0.001 -18"><span class='ocrx_word' id='word_1_68' title='bbox 277 974 341 1027; x_wconf 91' lang='lat' dir='ltr'><strong>lis</strong></span> <span class='ocrx_word' id='word_1_69' title='bbox 383 973 451 1026; x_wconf 91' lang='lat' dir='ltr'><strong>sit</strong></span> <span class='ocrx_word' id='word_1_70' title='bbox 490 981 660 1026; x_wconf 88' lang='lat' dir='ltr'><strong>status</strong></span> <span class='ocrx_word' id='word_1_71' title='bbox 700 990 856 1038; x_wconf 80' lang='lat' dir='ltr'><strong>suuS,</strong></span> <span class='ocrx_word' id='word_1_72' title='bbox 898 970 1129 1024; x_wconf 86' lang='lat' dir='ltr'><strong>Jacobio</strong></span> <span class='ocrx_word' id='word_1_73' title='bbox 1170 966 1346 1043; x_wconf 89' lang='lat' dir='ltr'><strong>(ibid,</strong></span> <span class='ocrx_word' id='word_1_74' title='bbox 1390 947 1566 1044; x_wconf 90' lang='grc'>428.)</span> <span class='ocrx_word' id='word_1_75' title='bbox 1610 969 1691 1023; x_wconf 91' lang='lat' dir='ltr'><strong>his</strong></span> <span class='ocrx_word' id='word_1_76' title='bbox 1733 968 1979 1025; x_wconf 82' lang='lat' dir='ltr'><strong>declarat</strong></span> <span class='ocrx_word' id='word_1_77' title='bbox 2005 972 2212 1026; x_wconf 81' lang='lat' dir='ltr'><strong>verbis:</strong></span> 
     </span>
     <span class='ocr_line' id='line_1_10' title="bbox 278 1053 2212 1130; baseline -0.001 -16"><span class='ocrx_word' id='word_1_78' title='bbox 278 1059 377 1115; x_wconf 84' lang='lat' dir='ltr'><strong>Ich</strong></span> <span class='ocrx_word' id='word_1_79' title='bbox 418 1058 509 1112; x_wconf 89' lang='lat' dir='ltr'><strong>bin</strong></span> <span class='ocrx_word' id='word_1_80' title='bbox 551 1077 617 1112; x_wconf 87' lang='lat' dir='ltr'><strong>zu</strong></span> <span class='ocrx_word' id='word_1_81' title='bbox 669 1057 844 1111; x_wconf 88' lang='lat' dir='ltr'><strong>nichts</strong></span> <span class='ocrx_word' id='word_1_82' title='bbox 887 1055 1059 1110; x_wconf 83' lang='lat' dir='ltr'><strong>mehr</strong></span> <span class='ocrx_word' id='word_1_83' title='bbox 1091 1053 1378 1130; x_wconf 73' lang='lat' dir='ltr'><strong>ausgelegt</strong></span> <span class='ocrx_word' id='word_1_84' title='bbox 1425 1054 1537 1109; x_wconf 90' lang='lat' dir='ltr'><strong>und</strong></span> <span class='ocrx_word' id='word_1_85' title='bbox 1575 1054 1712 1111; x_wconf 73' lang='lat' dir='ltr'><strong>hiire</strong></span> <span class='ocrx_word' id='word_1_86' title='bbox 1755 1056 1930 1111; x_wconf 85' lang='lat' dir='ltr'><strong>nichts</strong></span> <span class='ocrx_word' id='word_1_87' title='bbox 1969 1057 2047 1111; x_wconf 88' lang='lat' dir='ltr'><strong>als</strong></span> <span class='ocrx_word' id='word_1_88' title='bbox 2088 1067 2212 1112; x_wconf 77' lang='lat' dir='ltr'><strong>rau-</strong></span> 
     </span>
     <span class='ocr_line' id='line_1_11' title="bbox 278 1139 1621 1215; baseline -0.004 -13"><span class='ocrx_word' id='word_1_89' title='bbox 278 1144 517 1202; x_wconf 86' lang='lat' dir='ltr'><strong>schende</strong></span> <span class='ocrx_word' id='word_1_90' title='bbox 546 1143 812 1201; x_wconf 64' lang='lat' dir='ltr'><strong>Wiilder</strong></span> <span class='ocrx_word' id='word_1_91' title='bbox 799 1162 853 1196; x_wconf 90' lang='lat' dir='ltr'><strong>m</strong></span> <span class='ocrx_word' id='word_1_92' title='bbox 882 1143 1112 1196; x_wconf 88' lang='lat' dir='ltr'><strong>meinem</strong></span> <span class='ocrx_word' id='word_1_93' title='bbox 1143 1142 1385 1196; x_wconf 87' lang='lat' dir='ltr'><strong>kranken</strong></span> <span class='ocrx_word' id='word_1_94' title='bbox 1418 1139 1621 1215; x_wconf 89' lang='lat' dir='ltr'><strong>Kopfe.</strong></span> 
     </span>
    </p>

    <p class='ocr_par' dir='ltr' id='par_1_4' title="bbox 275 1229 2215 2156">
     <span class='ocr_line' id='line_1_12' title="bbox 409 1229 2212 1303; baseline -0.001 -18"><span class='ocrx_word' id='word_1_95' title='bbox 409 1233 532 1293; x_wconf 85' lang='lat' dir='ltr'><strong>Qua</strong></span> <span class='ocrx_word' id='word_1_96' title='bbox 572 1250 639 1284; x_wconf 87' lang='lat' dir='ltr'><strong>ex</strong></span> <span class='ocrx_word' id='word_1_97' title='bbox 680 1230 936 1283; x_wconf 88' lang='lat' dir='ltr'><strong>morbosa</strong></span> <span class='ocrx_word' id='word_1_98' title='bbox 978 1230 1225 1303; x_wconf 86' lang='lat' dir='ltr'><strong>corporis</strong></span> <span class='ocrx_word' id='word_1_99' title='bbox 1276 1229 1569 1282; x_wconf 84' lang='lat' dir='ltr'><strong>affectione</strong></span> <span class='ocrx_word' id='word_1_100' title='bbox 1607 1229 1876 1302; x_wconf 88' lang='lat' dir='ltr'><strong>inquietus</strong></span> <span class='ocrx_word' id='word_1_101' title='bbox 1914 1229 2004 1283; x_wconf 93' lang='lat' dir='ltr'><strong>ille</strong></span> <span class='ocrx_word' id='word_1_102' title='bbox 2052 1230 2212 1283; x_wconf 89' lang='lat' dir='ltr'><strong>animi</strong></span> 
     </span>
     <span class='ocr_line' id='line_1_13' title="bbox 279 1314 2213 1390; baseline -0.002 -17"><span class='ocrx_word' id='word_1_103' title='bbox 279 1327 448 1373; x_wconf 86' lang='lat' dir='ltr'><strong>status</strong></span> <span class='ocrx_word' id='word_1_104' title='bbox 477 1325 640 1390; x_wconf 87' lang='lat' dir='ltr'><strong>atque</strong></span> <span class='ocrx_word' id='word_1_105' title='bbox 669 1315 799 1370; x_wconf 90' lang='lat' dir='ltr'><strong>illud</strong></span> <span class='ocrx_word' id='word_1_106' title='bbox 830 1316 882 1369; x_wconf 91' lang='lat' dir='ltr'><strong>in</strong></span> <span class='ocrx_word' id='word_1_107' title='bbox 911 1316 1142 1389; x_wconf 88' lang='lat' dir='ltr'><strong>patriam</strong></span> <span class='ocrx_word' id='word_1_108' title='bbox 1170 1315 1435 1369; x_wconf 88' lang='lat' dir='ltr'><strong>redeundi</strong></span> <span class='ocrx_word' id='word_1_109' title='bbox 1467 1314 1794 1369; x_wconf 89' lang='lat' dir='ltr'><strong>desiderium</strong></span> <span class='ocrx_word' id='word_1_110' title='bbox 1823 1316 2089 1390; x_wconf 72' lang='lat' dir='ltr'><strong>originem</strong></span> <span class='ocrx_word' id='word_1_111' title='bbox 2113 1315 2213 1370; x_wconf 89' lang='lat' dir='ltr'><strong>du-</strong></span> 
     </span>
     <span class='ocr_line' id='line_1_14' title="bbox 277 1401 2213 1478; baseline -0.003 -18"><span class='ocrx_word' id='word_1_112' title='bbox 277 1406 372 1474; x_wconf 84' lang='lat' dir='ltr'><strong>xit,</strong></span> <span class='ocrx_word' id='word_1_113' title='bbox 403 1424 510 1478; x_wconf 91' lang='lat' dir='ltr'><strong>quo</strong></span> <span class='ocrx_word' id='word_1_114' title='bbox 542 1403 776 1477; x_wconf 90' lang='lat' dir='ltr'><strong>denique</strong></span> <span class='ocrx_word' id='word_1_115' title='bbox 807 1421 874 1457; x_wconf 91' lang='lat' dir='ltr'><strong>eo</strong></span> <span class='ocrx_word' id='word_1_116' title='bbox 907 1411 990 1456; x_wconf 88' lang='lat' dir='ltr'><strong>est</strong></span> <span class='ocrx_word' id='word_1_117' title='bbox 1018 1401 1304 1470; x_wconf 63' lang='lat' dir='ltr'><strong>redactus»,</strong></span> <span class='ocrx_word' id='word_1_118' title='bbox 1332 1410 1395 1456; x_wconf 92' lang='lat' dir='ltr'><strong>ut</strong></span> <span class='ocrx_word' id='word_1_119' title='bbox 1423 1402 1600 1455; x_wconf 90' lang='lat' dir='ltr'><strong>subito</strong></span> <span class='ocrx_word' id='word_1_120' title='bbox 1633 1421 1698 1456; x_wconf 89' lang='lat' dir='ltr'><strong>ac</strong></span> <span class='ocrx_word' id='word_1_121' title='bbox 1726 1410 1951 1476; x_wconf 90' lang='lat' dir='ltr'><strong>praeter</strong></span> <span class='ocrx_word' id='word_1_122' title='bbox 1977 1402 2213 1456; x_wconf 87' lang='lat' dir='ltr'><strong>omnium</strong></span> 
     </span>
     <span class='ocr_line' id='line_1_15' title="bbox 279 1484 2212 1565; baseline -0.002 -19"><span class='ocrx_word' id='word_1_123' title='bbox 279 1492 740 1565; x_wconf 78' lang='lat' dir='ltr'><strong>exspectationem</strong></span> <span class='ocrx_word' id='word_1_124' title='bbox 777 1489 1224 1563; x_wconf 82' lang='lat' dir='ltr'><strong>Regiomontium</strong></span> <span class='ocrx_word' id='word_1_125' title='bbox 1266 1484 1499 1542; x_wconf 80' lang='lat' dir='ltr'><strong>reditum</strong></span> <span class='ocrx_word' id='word_1_126' title='bbox 1538 1498 1777 1561; x_wconf 88' lang='lat' dir='ltr'><strong>pararet.</strong></span> <span class='ocrx_word' id='word_1_127' title='bbox 1865 1488 1980 1543; x_wconf 89' lang='lat' dir='ltr'><strong>Sed</strong></span> <span class='ocrx_word' id='word_1_128' title='bbox 2009 1490 2061 1542; x_wconf 88' lang='lat' dir='ltr'><strong>in</strong></span> <span class='ocrx_word' id='word_1_129' title='bbox 2092 1489 2212 1561; x_wconf 86' lang='lat' dir='ltr'><strong>ipso</strong></span> 
     </span>
     <span class='ocr_line' id='line_1_16' title="bbox 277 1573 2214 1649; baseline -0.002 -15"><span class='ocrx_word' id='word_1_130' title='bbox 277 1580 471 1634; x_wconf 86' lang='lat' dir='ltr'><strong>itinere</strong></span> <span class='ocrx_word' id='word_1_131' title='bbox 500 1577 641 1631; x_wconf 89' lang='lat' dir='ltr'><strong>mala</strong></span> <span class='ocrx_word' id='word_1_132' title='bbox 671 1577 920 1649; x_wconf 87' lang='lat' dir='ltr'><strong>corporis</strong></span> <span class='ocrx_word' id='word_1_133' title='bbox 950 1575 1203 1630; x_wconf 84' lang='lat' dir='ltr'><strong>valetudo</strong></span> <span class='ocrx_word' id='word_1_134' title='bbox 1246 1576 1320 1629; x_wconf 91' lang='lat' dir='ltr'><strong>ita</strong></span> <span class='ocrx_word' id='word_1_135' title='bbox 1362 1576 1558 1640; x_wconf 81' lang='lat' dir='ltr'><strong>crevit,</strong></span> <span class='ocrx_word' id='word_1_136' title='bbox 1600 1583 1826 1629; x_wconf 84' lang='lat' dir='ltr'><strong>ut·mox</strong></span> <span class='ocrx_word' id='word_1_137' title='bbox 1866 1574 2058 1630; x_wconf 88' lang='lat' dir='ltr'><strong>dolore</strong></span> <span class='ocrx_word' id='word_1_138' title='bbox 2094 1573 2214 1630; x_wconf 84' lang='lat' dir='ltr'><strong>fere</strong></span> 
     </span>
     <span class='ocr_line' id='line_1_17' title="bbox 277 1661 2213 1735; baseline -0.003 -14"><span class='ocrx_word' id='word_1_139' title='bbox 277 1683 481 1721; x_wconf 79' lang='lat' dir='ltr'><strong>vacuus</strong></span> <span class='ocrx_word' id='word_1_140' title='bbox 508 1663 825 1719; x_wconf 89' lang='lat' dir='ltr'><strong>Monasterii</strong></span> <span class='ocrx_word' id='word_1_141' title='bbox 855 1662 1315 1735; x_wconf 86' lang='lat' dir='ltr'><strong>Guestphalorum</strong></span> <span class='ocrx_word' id='word_1_142' title='bbox 1350 1681 1489 1715; x_wconf 91' lang='lat' dir='ltr'><strong>anno</strong></span> <span class='ocrx_word' id='word_1_143' title='bbox 1519 1661 2105 1716; x_wconf 84' lang='lat' dir='ltr'>MDCCLXXXVIII.</span> <span class='ocrx_word' id='word_1_144' title='bbox 2135 1663 2213 1716; x_wconf 86' lang='lat' dir='ltr'><strong>vi·-</strong></span> 
     </span>
     <span class='ocr_line' id='line_1_18' title="bbox 276 1748 2212 1822; baseline -0.003 -14"><span class='ocrx_word' id='word_1_145' title='bbox 276 1763 388 1809; x_wconf 86' lang='lat' dir='ltr'><strong>tam</strong></span> <span class='ocrx_word' id='word_1_146' title='bbox 417 1759 643 1806; x_wconf 84' lang='lat' dir='ltr'><strong>naturae</strong></span> <span class='ocrx_word' id='word_1_147' title='bbox 672 1748 950 1804; x_wconf 87' lang='lat' dir='ltr'><strong>redderet.</strong></span> <span class='ocrx_word' id='word_1_148' title='bbox 1038 1749 1131 1803; x_wconf 77' lang='lat' dir='ltr'><strong>Sic</strong></span> <span class='ocrx_word' id='word_1_149' title='bbox 1164 1758 1337 1803; x_wconf 91' lang='lat' dir='ltr'><strong>morte</strong></span> <span class='ocrx_word' id='word_1_150' title='bbox 1368 1748 1584 1803; x_wconf 90' lang='lat' dir='ltr'><strong>demum</strong></span> <span class='ocrx_word' id='word_1_151' title='bbox 1614 1757 1810 1802; x_wconf 85' lang='lat' dir='ltr'><strong>vexato</strong></span> <span class='ocrx_word' id='word_1_152' title='bbox 1842 1749 1891 1802; x_wconf 89' lang='lat' dir='ltr'><strong>ei</strong></span> <span class='ocrx_word' id='word_1_153' title='bbox 1922 1767 2023 1822; x_wconf 90' lang='lat' dir='ltr'><strong>per</strong></span> <span class='ocrx_word' id='word_1_154' title='bbox 2042 1756 2212 1803; x_wconf 82' lang='lat' dir='ltr'><strong>totam</strong></span> 
     </span>
     <span class='ocr_line' id='line_1_19' title="bbox 275 1833 2213 1913; baseline -0.003 -19"><span class='ocrx_word' id='word_1_155' title='bbox 275 1840 442 1894; x_wconf 79' lang='lat' dir='ltr'><strong>vitam</strong></span> <span class='ocrx_word' id='word_1_156' title='bbox 471 1858 504 1892; x_wconf 87' lang='lat' dir='ltr'><strong>a</strong></span> <span class='ocrx_word' id='word_1_157' title='bbox 531 1855 805 1906; x_wconf 90' lang='lat' dir='ltr'><strong>moerore,</strong></span> <span class='ocrx_word' id='word_1_158' title='bbox 835 1855 867 1890; x_wconf 89' lang='lat' dir='ltr'><strong>a</strong></span> <span class='ocrx_word' id='word_1_159' title='bbox 898 1835 1041 1890; x_wconf 86' lang='lat' dir='ltr'><strong>curis</strong></span> <span class='ocrx_word' id='word_1_160' title='bbox 1072 1836 1332 1913; x_wconf 86' lang='lat' dir='ltr'><strong>cuiusque</strong></span> <span class='ocrx_word' id='word_1_161' title='bbox 1362 1836 1581 1909; x_wconf 80' lang='lat' dir='ltr'><strong>generis</strong></span> <span class='ocrx_word' id='word_1_162' title='bbox 1606 1844 1661 1889; x_wconf 88' lang='lat' dir='ltr'><strong>et</strong></span> <span class='ocrx_word' id='word_1_163' title='bbox 1681 1855 1712 1888; x_wconf 90' lang='lat' dir='ltr'><strong>a</strong></span> <span class='ocrx_word' id='word_1_164' title='bbox 1735 1835 1937 1889; x_wconf 83' lang='lat' dir='ltr'><strong>morbis</strong></span> <span class='ocrx_word' id='word_1_165' title='bbox 1958 1833 2213 1908; x_wconf 85' lang='lat' dir='ltr'><strong>frequen-</strong></span> 
     </span>
     <span class='ocr_line' id='line_1_20' title="bbox 275 1911 2214 1997; baseline -0.004 -15"><span class='ocrx_word' id='word_1_166' title='bbox 275 1928 418 1983; x_wconf 85' lang='lat' dir='ltr'><strong>tibus</strong></span> <span class='ocrx_word' id='word_1_167' title='bbox 457 1933 518 1979; x_wconf 90' lang='lat' dir='ltr'><strong>ut</strong></span> <span class='ocrx_word' id='word_1_168' title='bbox 558 1932 790 1992; x_wconf 85' lang='lat' dir='ltr'><strong>sortem,</strong></span> <span class='ocrx_word' id='word_1_169' title='bbox 831 1922 1184 1997; x_wconf 83' lang='lat' dir='ltr'><strong>placidiorem</strong></span> <span class='ocrx_word' id='word_1_170' title='bbox 1223 1922 1611 1995; x_wconf 85' lang='lat' dir='ltr'><strong>melioremque</strong></span> <span class='ocrx_word' id='word_1_171' title='bbox 1646 1911 2055 1976; x_wconf 78' lang='lat' dir='ltr'><strong>nancisceretur</strong></span> <span class='ocrx_word' id='word_1_172' title='bbox 2083 1939 2214 1976; x_wconf 86' lang='lat' dir='ltr'><strong>con-</strong></span> 
     </span>
     <span class='ocr_line' id='line_1_21' title="bbox 275 2006 2215 2088; baseline -0.003 -20"><span class='ocrx_word' id='word_1_173' title='bbox 275 2015 417 2088; x_wconf 84' lang='lat' dir='ltr'><strong>tigit.</strong></span> <span class='ocrx_word' id='word_1_174' title='bbox 503 2011 593 2066; x_wconf 90' lang='lat' dir='ltr'><strong>De</strong></span> <span class='ocrx_word' id='word_1_175' title='bbox 634 2020 811 2065; x_wconf 88' lang='lat' dir='ltr'><strong>morte</strong></span> <span class='ocrx_word' id='word_1_176' title='bbox 851 2010 1125 2063; x_wconf 89' lang='lat' dir='ltr'><strong>Hamanni</strong></span> <span class='ocrx_word' id='word_1_177' title='bbox 1164 2009 1321 2063; x_wconf 78' lang='lat' dir='ltr'><strong>vide.</strong></span> <span class='ocrx_word' id='word_1_178' title='bbox 1372 2009 1439 2064; x_wconf 89' lang='lat' dir='ltr'><strong>F.</strong></span> <span class='ocrx_word' id='word_1_179' title='bbox 1479 2010 1555 2064; x_wconf 88' lang='grc' dir='ltr'><strong>Η.</strong></span> <span class='ocrx_word' id='word_1_180' title='bbox 1593 2006 1832 2063; x_wconf 88' lang='lat' dir='ltr'><strong>Jacobi’s</strong></span> <span class='ocrx_word' id='word_1_181' title='bbox 1874 2007 2215 2071; x_wconf 81' lang='lat' dir='ltr'><strong>auserlesner</strong></span> 
     </span>
     <span class='ocr_line' id='line_1_22' title="bbox 275 2098 2139 2167; baseline -0.008 -12"><span class='ocrx_word' id='word_1_182' title='bbox 275 2098 494 2156; x_wconf 83' lang='lat' dir='ltr'><strong>Briefw.</strong></span> <span class='ocrx_word' id='word_1_183' title='bbox 525 2099 569 2167; x_wconf 90' lang='grc' dir='ltr'><strong>Ι,</strong></span> <span class='ocrx_word' id='word_1_184' title='bbox 602 2099 724 2153; x_wconf 87' lang='grc'><strong>482</strong></span> <span class='ocrx_word' id='word_1_185' title='bbox 747 2129 816 2138; x_wconf 89' lang='lat'><strong>--·</strong></span> <span class='ocrx_word' id='word_1_186' title='bbox 840 2098 940 2152; x_wconf 80' lang='lat'><strong>85.</strong></span> <span class='ocrx_word' id='word_1_187' title='bbox 2005 2106 2007 2110; x_wconf 76' lang='grc'>’</span> <span class='ocrx_word' id='word_1_188' title='bbox 2133 2103 2139 2111; x_wconf 79' lang='grc'><strong>’</strong></span> 
     </span>
    </p>

    <p class='ocr_par' dir='ltr' id='par_1_5' title="bbox 278 2181 2276 3644">
     <span class='ocr_line' id='line_1_23' title="bbox 406 2181 2213 2256; baseline -0.004 -15"><span class='ocrx_word' id='word_1_189' title='bbox 406 2187 523 2241; x_wconf 85' lang='lat' dir='ltr'><strong>Iam</strong></span> <span class='ocrx_word' id='word_1_190' title='bbox 554 2203 714 2254; x_wconf 86' lang='lat' dir='ltr'><strong>ver0,</strong></span> <span class='ocrx_word' id='word_1_191' title='bbox 747 2184 791 2237; x_wconf 93' lang='lat' dir='ltr'><strong>si</strong></span> <span class='ocrx_word' id='word_1_192' title='bbox 822 2203 982 2237; x_wconf 92' lang='lat' dir='ltr'><strong>omne</strong></span> <span class='ocrx_word' id='word_1_193' title='bbox 1012 2183 1126 2237; x_wconf 85' lang='lat' dir='ltr'><strong>eius</strong></span> <span class='ocrx_word' id='word_1_194' title='bbox 1159 2183 1300 2237; x_wconf 85' lang='lat' dir='ltr'><strong>vitae</strong></span> <span class='ocrx_word' id='word_1_195' title='bbox 1329 2190 1541 2256; x_wconf 85' lang='lat' dir='ltr'><strong>tempus</strong></span> <span class='ocrx_word' id='word_1_196' title='bbox 1573 2181 1919 2255; x_wconf 75' lang='lat' dir='ltr'><strong>respicimuS,</strong></span> <span class='ocrx_word' id='word_1_197' title='bbox 1949 2198 2059 2255; x_wconf 87' lang='lat' dir='ltr'><strong>quo</strong></span> <span class='ocrx_word' id='word_1_198' title='bbox 2090 2199 2213 2235; x_wconf 89' lang='lat' dir='ltr'><strong>cum</strong></span> 
     </span>
     <span class='ocr_line' id='line_1_24' title="bbox 278 2266 2212 2342; baseline -0.004 -14"><span class='ocrx_word' id='word_1_199' title='bbox 278 2274 468 2329; x_wconf 85' lang='lat' dir='ltr'><strong>vilibus</strong></span> <span class='ocrx_word' id='word_1_200' title='bbox 498 2272 598 2326; x_wconf 89' lang='lat' dir='ltr'><strong>illis</strong></span> <span class='ocrx_word' id='word_1_201' title='bbox 628 2272 801 2325; x_wconf 83' lang='lat' dir='ltr'><strong>victus</strong></span> <span class='ocrx_word' id='word_1_202' title='bbox 833 2269 1182 2342; x_wconf 85' lang='lat' dir='ltr'><strong>comparandi</strong></span> <span class='ocrx_word' id='word_1_203' title='bbox 1214 2270 1356 2323; x_wconf 80' lang='lat' dir='ltr'><strong>curis</strong></span> <span class='ocrx_word' id='word_1_204' title='bbox 1398 2270 1447 2323; x_wconf 93' lang='lat' dir='ltr'><strong>ei</strong></span> <span class='ocrx_word' id='word_1_205' title='bbox 1489 2278 1608 2323; x_wconf 88' lang='lat' dir='ltr'><strong>erat</strong></span> <span class='ocrx_word' id='word_1_206' title='bbox 1647 2266 2084 2337; x_wconf 75' lang='lat' dir='ltr'><strong>conflictandum,</strong></span> <span class='ocrx_word' id='word_1_207' title='bbox 2114 2267 2212 2321; x_wconf 79' lang='lat' dir='ltr'><strong>mi&#39;-</strong></span> 
     </span>
     <span class='ocr_line' id='line_1_25' title="bbox 278 2342 2212 2431; baseline -0.004 -16"><span class='ocrx_word' id='word_1_208' title='bbox 278 2360 508 2415; x_wconf 89' lang='lat' dir='ltr'><strong>randum</strong></span> <span class='ocrx_word' id='word_1_209' title='bbox 549 2378 679 2413; x_wconf 89' lang='lat' dir='ltr'><strong>sane</strong></span> <span class='ocrx_word' id='word_1_210' title='bbox 721 2365 830 2426; x_wconf 87' lang='lat' dir='ltr'><strong>est,</strong></span> <span class='ocrx_word' id='word_1_211' title='bbox 870 2356 1047 2431; x_wconf 91' lang='lat' dir='ltr'><strong>quod,</strong></span> <span class='ocrx_word' id='word_1_212' title='bbox 1089 2375 1253 2430; x_wconf 90' lang='lat' dir='ltr'><strong>quum</strong></span> <span class='ocrx_word' id='word_1_213' title='bbox 1293 2357 1498 2410; x_wconf 89' lang='lat' dir='ltr'><strong>animus</strong></span> <span class='ocrx_word' id='word_1_214' title='bbox 1541 2364 1829 2428; x_wconf 86' lang='lat' dir='ltr'><strong>tantopere</strong></span> <span class='ocrx_word' id='word_1_215' title='bbox 1869 2354 2032 2408; x_wconf 75' lang='lat' dir='ltr'><strong>tantis</strong></span> <span class='ocrx_word' id='word_1_216' title='bbox 2060 2342 2212 2407; x_wconf 63' lang='lat' dir='ltr'><strong>’malis</strong></span> 
     </span>
     <span class='ocr_line' id='line_1_26' title="bbox 280 2443 2262 2517; baseline -0.004 -15"><span class='ocrx_word' id='word_1_217' title='bbox 280 2448 508 2502; x_wconf 84' lang='lat' dir='ltr'><strong>affectus</strong></span> <span class='ocrx_word' id='word_1_218' title='bbox 551 2452 722 2514; x_wconf 88' lang='lat' dir='ltr'><strong>esset,</strong></span> <span class='ocrx_word' id='word_1_219' title='bbox 761 2453 941 2498; x_wconf 90' lang='lat' dir='ltr'><strong>tamen</strong></span> <span class='ocrx_word' id='word_1_220' title='bbox 986 2458 1278 2517; x_wconf 88' lang='lat' dir='ltr'><strong>oppressus</strong></span> <span class='ocrx_word' id='word_1_221' title='bbox 1319 2463 1384 2497; x_wconf 91' lang='lat' dir='ltr'><strong>ac</strong></span> <span class='ocrx_word' id='word_1_222' title='bbox 1427 2443 1734 2497; x_wconf 88' lang='lat' dir='ltr'><strong>debilitatus</strong></span> <span class='ocrx_word' id='word_1_223' title='bbox 1764 2460 1872 2495; x_wconf 91' lang='lat' dir='ltr'><strong>non</strong></span> <span class='ocrx_word' id='word_1_224' title='bbox 1903 2449 2002 2509; x_wconf 85' lang='lat' dir='ltr'><strong>est,</strong></span> <span class='ocrx_word' id='word_1_225' title='bbox 2031 2456 2212 2514; x_wconf 90' lang='lat' dir='ltr'><strong>neque</strong></span> <span class='ocrx_word' id='word_1_226' title='bbox 2259 2475 2262 2483; x_wconf 83' lang='lat'>·</span> 
     </span>
     <span class='ocr_line' id='line_1_27' title="bbox 280 2522 2215 2609; baseline -0.004 -21"><span class='ocrx_word' id='word_1_227' title='bbox 280 2552 547 2609; x_wconf 86' lang='lat' dir='ltr'><strong>quaerere</strong></span> <span class='ocrx_word' id='word_1_228' title='bbox 585 2522 838 2585; x_wconf 83' lang='lat' dir='ltr'><strong>videatur</strong></span> <span class='ocrx_word' id='word_1_229' title='bbox 872 2531 1131 2599; x_wconf 90' lang='lat' dir='ltr'><strong>alienum,</strong></span> <span class='ocrx_word' id='word_1_230' title='bbox 1184 2549 1417 2604; x_wconf 89' lang='lat' dir='ltr'><strong>quonam</strong></span> <span class='ocrx_word' id='word_1_231' title='bbox 1467 2530 1588 2583; x_wconf 89' lang='lat' dir='ltr'><strong>fieri</strong></span> <span class='ocrx_word' id='word_1_232' title='bbox 1635 2529 1877 2602; x_wconf 88' lang='lat' dir='ltr'><strong>potuerit</strong></span> <span class='ocrx_word' id='word_1_233' title='bbox 1924 2537 2116 2601; x_wconf 84' lang='lat' dir='ltr'><strong>pacto,</strong></span> <span class='ocrx_word' id='word_1_234' title='bbox 2155 2535 2215 2581; x_wconf 88' lang='lat' dir='ltr'><strong>ut</strong></span> 
     </span>
     <span class='ocr_line' id='line_1_28' title="bbox 278 2615 2213 2694; baseline -0.004 -19"><span class='ocrx_word' id='word_1_235' title='bbox 278 2622 482 2694; x_wconf 88' lang='lat' dir='ltr'><strong>scripta</strong></span> <span class='ocrx_word' id='word_1_236' title='bbox 512 2620 625 2673; x_wconf 89' lang='lat' dir='ltr'><strong>eius</strong></span> <span class='ocrx_word' id='word_1_237' title='bbox 654 2619 735 2672; x_wconf 92' lang='lat' dir='ltr'><strong>his</strong></span> <span class='ocrx_word' id='word_1_238' title='bbox 766 2617 1076 2672; x_wconf 90' lang='lat' dir='ltr'><strong>domesticis</strong></span> <span class='ocrx_word' id='word_1_239' title='bbox 1106 2617 1357 2682; x_wconf 83' lang='lat' dir='ltr'><strong>minutiiS,</strong></span> <span class='ocrx_word' id='word_1_240' title='bbox 1388 2636 1545 2689; x_wconf 87' lang='lat' dir='ltr'><strong>quae,</strong></span> <span class='ocrx_word' id='word_1_241' title='bbox 1576 2616 1654 2669; x_wconf 90' lang='lat' dir='ltr'><strong>sic</strong></span> <span class='ocrx_word' id='word_1_242' title='bbox 1683 2623 1883 2684; x_wconf 88' lang='lat' dir='ltr'><strong>narrat,</strong></span> <span class='ocrx_word' id='word_1_243' title='bbox 1906 2615 1983 2668; x_wconf 91' lang='lat' dir='ltr'><strong>uti</strong></span> <span class='ocrx_word' id='word_1_244' title='bbox 2012 2632 2213 2668; x_wconf 85' lang='lat' dir='ltr'><strong>arenae</strong></span> 
     </span>
     <span class='ocr_line' id='line_1_29' title="bbox 278 2699 2276 2777; baseline -0.003 -15"><span class='ocrx_word' id='word_1_245' title='bbox 278 2707 520 2763; x_wconf 86' lang='lat' dir='ltr'><strong>marinae</strong></span> <span class='ocrx_word' id='word_1_246' title='bbox 560 2707 821 2759; x_wconf 85' lang='lat' dir='ltr'><strong>fluctuum</strong></span> <span class='ocrx_word' id='word_1_247' title='bbox 858 2714 1114 2777; x_wconf 85' lang='lat' dir='ltr'><strong>tanquam</strong></span> <span class='ocrx_word' id='word_1_248' title='bbox 1152 2704 1459 2775; x_wconf 87' lang='lat' dir='ltr'><strong>superbiam</strong></span> <span class='ocrx_word' id='word_1_249' title='bbox 1503 2703 1860 2769; x_wconf 68' lang='lat' dir='ltr'><strong>coercebant,</strong></span> <span class='ocrx_word' id='word_1_250' title='bbox 1908 2699 2016 2776; x_wconf 91' lang='lat' dir='ltr'><strong>(H.</strong></span> <span class='ocrx_word' id='word_1_251' title='bbox 2058 2702 2115 2755; x_wconf 90' lang='lat' dir='ltr'><strong>S.</strong></span> <span class='ocrx_word' id='word_1_252' title='bbox 2145 2700 2214 2767; x_wconf 62' lang='lat' dir='ltr'><strong>V,</strong></span> <span class='ocrx_word' id='word_1_253' title='bbox 2269 2759 2276 2771; x_wconf 19' lang='lat' dir='ltr'><strong>s,</strong></span> 
     </span>
     <span class='ocr_line' id='line_1_30' title="bbox 282 2786 2212 2866; baseline -0.005 -16"><span class='ocrx_word' id='word_1_254' title='bbox 282 2796 424 2850; x_wconf 90' lang='grc'>291.</span> <span class='ocrx_word' id='word_1_255' title='bbox 455 2825 540 2833; x_wconf 92' lang='grc'><strong>--</strong></span> <span class='ocrx_word' id='word_1_256' title='bbox 569 2812 759 2866; x_wconf 83' lang='lat' dir='ltr'><strong>genug</strong></span> <span class='ocrx_word' id='word_1_257' title='bbox 786 2811 891 2844; x_wconf 82' lang='lat' dir='ltr'><strong>von</strong></span> <span class='ocrx_word' id='word_1_258' title='bbox 929 2791 1142 2844; x_wconf 89' lang='lat' dir='ltr'><strong>meinen</strong></span> <span class='ocrx_word' id='word_1_259' title='bbox 1179 2789 1489 2843; x_wconf 68' lang='lat' dir='ltr'><strong>hauslichen</strong></span> <span class='ocrx_word' id='word_1_260' title='bbox 1531 2789 1967 2863; x_wconf 84' lang='lat' dir='ltr'><strong>Kleinigkeiten,</strong></span> <span class='ocrx_word' id='word_1_261' title='bbox 2008 2786 2212 2843; x_wconf 83' lang='lat' dir='ltr'><strong>welche</strong></span> 
     </span>
     <span class='ocr_line' id='line_1_31' title="bbox 279 2872 2211 2938; baseline -0.006 -1"><span class='ocrx_word' id='word_1_262' title='bbox 279 2883 381 2938; x_wconf 87' lang='lat' dir='ltr'><strong>wie</strong></span> <span class='ocrx_word' id='word_1_263' title='bbox 411 2880 513 2936; x_wconf 89' lang='lat' dir='ltr'><strong>der</strong></span> <span class='ocrx_word' id='word_1_264' title='bbox 542 2877 692 2933; x_wconf 86' lang='lat' dir='ltr'><strong>Sand</strong></span> <span class='ocrx_word' id='word_1_265' title='bbox 722 2877 819 2931; x_wconf 91' lang='lat' dir='ltr'><strong>des</strong></span> <span class='ocrx_word' id='word_1_266' title='bbox 848 2878 1064 2931; x_wconf 91' lang='lat' dir='ltr'><strong>Meeres</strong></span> <span class='ocrx_word' id='word_1_267' title='bbox 1096 2876 1203 2930; x_wconf 89' lang='lat' dir='ltr'><strong>den</strong></span> <span class='ocrx_word' id='word_1_268' title='bbox 1233 2876 1383 2930; x_wconf 87' lang='lat' dir='ltr'><strong>Stolz</strong></span> <span class='ocrx_word' id='word_1_269' title='bbox 1415 2876 1515 2930; x_wconf 91' lang='lat' dir='ltr'><strong>der</strong></span> <span class='ocrx_word' id='word_1_270' title='bbox 1542 2876 1752 2931; x_wconf 88' lang='lat' dir='ltr'><strong>Wellen</strong></span> <span class='ocrx_word' id='word_1_271' title='bbox 1785 2875 2051 2930; x_wconf 57' lang='lat' dir='ltr'><strong>diimmen&#39;⁴</strong></span> <span class='ocrx_word' id='word_1_272' title='bbox 2079 2872 2211 2927; x_wconf 89' lang='lat' dir='ltr'><strong>ibid.</strong></span> 
     </span>
     <span class='ocr_line' id='line_1_32' title="bbox 282 2959 2215 3037; baseline -0.005 -15"><span class='ocrx_word' id='word_1_273' title='bbox 282 2970 437 3024; x_wconf 78' lang='lat'><strong>287:</strong></span> <span class='ocrx_word' id='word_1_274' title='bbox 477 2968 593 3021; x_wconf 87' lang='lat' dir='ltr'><strong>Das</strong></span> <span class='ocrx_word' id='word_1_275' title='bbox 637 2964 877 3019; x_wconf 84' lang='lat' dir='ltr'><strong>Gemiith</strong></span> <span class='ocrx_word' id='word_1_276' title='bbox 927 2963 1098 3017; x_wconf 81' lang='lat' dir='ltr'><strong>voller</strong></span> <span class='ocrx_word' id='word_1_277' title='bbox 1150 2963 1452 3037; x_wconf 86' lang='lat' dir='ltr'><strong>niedriger,</strong></span> <span class='ocrx_word' id='word_1_278' title='bbox 1506 2961 1897 3032; x_wconf 82' lang='lat' dir='ltr'><strong>kriechender,</strong></span> <span class='ocrx_word' id='word_1_279' title='bbox 1946 2959 2215 3015; x_wconf 82' lang='lat' dir='ltr'><strong>irdischer</strong></span> 
     </span>
     <span class='ocr_line' id='line_1_33' title="bbox 280 3046 2214 3127; baseline -0.005 -18"><span class='ocrx_word' id='word_1_280' title='bbox 280 3050 912 3127; x_wconf 81' lang='lat' dir='ltr'><strong>Nahrungs-Sorgen),</strong></span> <span class='ocrx_word' id='word_1_281' title='bbox 943 3069 1048 3104; x_wconf 88' lang='lat' dir='ltr'><strong>non</strong></span> <span class='ocrx_word' id='word_1_282' title='bbox 1079 3066 1303 3123; x_wconf 90' lang='lat' dir='ltr'><strong>prorsus</strong></span> <span class='ocrx_word' id='word_1_283' title='bbox 1346 3050 1876 3104; x_wconf 75' lang='lat' dir='ltr'><strong>contaminarentur?</strong></span> <span class='ocrx_word' id='word_1_284' title='bbox 1924 3047 2067 3101; x_wconf 88' lang='lat' dir='ltr'><strong>Nam</strong></span> <span class='ocrx_word' id='word_1_285' title='bbox 2093 3046 2214 3119; x_wconf 86' lang='lat' dir='ltr'><strong>:ipse</strong></span> 
     </span>
     <span class='ocr_line' id='line_1_34' title="bbox 283 3134 2212 3214; baseline -0.006 -18"><span class='ocrx_word' id='word_1_286' title='bbox 283 3140 498 3213; x_wconf 89' lang='lat' dir='ltr'><strong>saepius</strong></span> <span class='ocrx_word' id='word_1_287' title='bbox 529 3159 588 3193; x_wconf 89' lang='lat' dir='ltr'><strong>se</strong></span> <span class='ocrx_word' id='word_1_288' title='bbox 618 3141 801 3192; x_wconf 79' lang='lat' dir='ltr'><strong>vivere</strong></span> <span class='ocrx_word' id='word_1_289' title='bbox 833 3138 964 3192; x_wconf 87' lang='lat' dir='ltr'><strong>dicit</strong></span> <span class='ocrx_word' id='word_1_290' title='bbox 995 3135 1121 3212; x_wconf 84' lang='lat' dir='ltr'><strong>(VI,</strong></span> <span class='ocrx_word' id='word_1_291' title='bbox 1157 3135 1330 3214; x_wconf 86' lang='grc'>128.)</span> <span class='ocrx_word' id='word_1_292' title='bbox 1372 3136 1478 3191; x_wconf 90' lang='lat' dir='ltr'><strong>huc</strong></span> <span class='ocrx_word' id='word_1_293' title='bbox 1507 3137 1700 3190; x_wconf 84' lang='lat' dir='ltr'><strong>illucve</strong></span> <span class='ocrx_word' id='word_1_294' title='bbox 1719 3134 1981 3208; x_wconf 82' lang='lat' dir='ltr'><strong>jactatum</strong></span> <span class='ocrx_word' id='word_1_295' title='bbox 2011 3140 2068 3187; x_wconf 90' lang='lat' dir='ltr'><strong>et</strong></span> <span class='ocrx_word' id='word_1_296' title='bbox 2095 3151 2212 3187; x_wconf 87' lang='lat' dir='ltr'><strong>mo-</strong></span> 
     </span>
     <span class='ocr_line' id='line_1_35' title="bbox 281 3222 2213 3298; baseline -0.006 -15"><span class='ocrx_word' id='word_1_297' title='bbox 281 3228 432 3291; x_wconf 90' lang='lat' dir='ltr'><strong>lestis</strong></span> <span class='ocrx_word' id='word_1_298' title='bbox 471 3225 819 3297; x_wconf 87' lang='lat' dir='ltr'><strong>tristibusque</strong></span> <span class='ocrx_word' id='word_1_299' title='bbox 862 3224 1283 3298; x_wconf 83' lang='lat' dir='ltr'><strong>cogitationibus</strong></span> <span class='ocrx_word' id='word_1_300' title='bbox 1325 3231 1381 3277; x_wconf 93' lang='lat' dir='ltr'><strong>et</strong></span> <span class='ocrx_word' id='word_1_301' title='bbox 1420 3224 1572 3277; x_wconf 90' lang='lat' dir='ltr'><strong>malis</strong></span> <span class='ocrx_word' id='word_1_302' title='bbox 1616 3222 1876 3289; x_wconf 80' lang='lat' dir='ltr'><strong>externis,</strong></span> <span class='ocrx_word' id='word_1_303' title='bbox 1919 3238 2058 3292; x_wconf 89' lang='lat' dir='ltr'><strong>quae</strong></span> <span class='ocrx_word' id='word_1_304' title='bbox 2089 3238 2213 3273; x_wconf 91' lang='lat' dir='ltr'><strong>eum</strong></span> 
     </span>
     <span class='ocr_line' id='line_1_36' title="bbox 285 3306 2213 3385; baseline -0.006 -14"><span class='ocrx_word' id='word_1_305' title='bbox 285 3333 474 3371; x_wconf 90' lang='lat' dir='ltr'><strong>secum</strong></span> <span class='ocrx_word' id='word_1_306' title='bbox 503 3318 776 3385; x_wconf 88' lang='lat' dir='ltr'><strong>raperent,</strong></span> <span class='ocrx_word' id='word_1_307' title='bbox 805 3311 1103 3378; x_wconf 87' lang='lat' dir='ltr'><strong>turbarent,</strong></span> <span class='ocrx_word' id='word_1_308' title='bbox 1132 3310 1474 3383; x_wconf 87' lang='lat' dir='ltr'><strong>impedirent,</strong></span> <span class='ocrx_word' id='word_1_309' title='bbox 1503 3310 1784 3384; x_wconf 83' lang='lat' dir='ltr'><strong>quominus</strong></span> <span class='ocrx_word' id='word_1_310' title='bbox 1826 3306 2104 3360; x_wconf 89' lang='lat' dir='ltr'><strong>consilium</strong></span> <span class='ocrx_word' id='word_1_311' title='bbox 2132 3306 2213 3360; x_wconf 89' lang='lat' dir='ltr'><strong>ul-</strong></span> 
     </span>
     <span class='ocr_line' id='line_1_37' title="bbox 281 3392 2211 3474; baseline -0.006 -17"><span class='ocrx_word' id='word_1_312' title='bbox 281 3403 394 3457; x_wconf 92' lang='lat' dir='ltr'><strong>lum</strong></span> <span class='ocrx_word' id='word_1_313' title='bbox 425 3406 672 3474; x_wconf 90' lang='lat' dir='ltr'><strong>caperet,</strong></span> <span class='ocrx_word' id='word_1_314' title='bbox 703 3404 1028 3470; x_wconf 89' lang='lat' dir='ltr'><strong>captumque</strong></span> <span class='ocrx_word' id='word_1_315' title='bbox 1067 3406 1519 3469; x_wconf 88' lang='lat' dir='ltr'><strong>prosequeretur,</strong></span> <span class='ocrx_word' id='word_1_316' title='bbox 1547 3403 1608 3449; x_wconf 89' lang='lat' dir='ltr'><strong>ut</strong></span> <span class='ocrx_word' id='word_1_317' title='bbox 1635 3392 1921 3466; x_wconf 89' lang='lat' dir='ltr'><strong>aliquando</strong></span> <span class='ocrx_word' id='word_1_318' title='bbox 1954 3392 2211 3467; x_wconf 89' lang='lat' dir='ltr'><strong>despera-</strong></span> 
     </span>
     <span class='ocr_line' id='line_1_38' title="bbox 283 3479 2215 3557; baseline -0.006 -12"><span class='ocrx_word' id='word_1_319' title='bbox 283 3489 446 3546; x_wconf 89' lang='lat' dir='ltr'><strong>tionis</strong></span> <span class='ocrx_word' id='word_1_320' title='bbox 476 3486 653 3542; x_wconf 90' lang='lat' dir='ltr'><strong>subito</strong></span> <span class='ocrx_word' id='word_1_321' title='bbox 684 3482 1106 3557; x_wconf 85' lang='lat' dir='ltr'><strong>comprehensus</strong></span> <span class='ocrx_word' id='word_1_322' title='bbox 1146 3479 1333 3536; x_wconf 82' lang='lat' dir='ltr'><strong>furore</strong></span> <span class='ocrx_word' id='word_1_323' title='bbox 1362 3482 1626 3538; x_wconf 81' lang='lat' dir='ltr'><strong>exclamet</strong></span> <span class='ocrx_word' id='word_1_324' title='bbox 1655 3501 1715 3535; x_wconf 88' lang='lat' dir='ltr'><strong>se</strong></span> <span class='ocrx_word' id='word_1_325' title='bbox 1746 3499 1891 3534; x_wconf 90' lang='lat' dir='ltr'><strong>esse:</strong></span> <span class='ocrx_word' id='word_1_326' title='bbox 1928 3480 2215 3534; x_wconf 87' lang='lat' dir='ltr'><strong>mirificum</strong></span> 
     </span>
     <span class='ocr_line' id='line_1_39' title="bbox 287 3565 2214 3644; baseline -0.006 -14"><span class='ocrx_word' id='word_1_327' title='bbox 287 3595 353 3631; x_wconf 91' lang='lat' dir='ltr'><strong>ac</strong></span> <span class='ocrx_word' id='word_1_328' title='bbox 376 3571 571 3630; x_wconf 74' lang='lat' dir='ltr'><strong>&#39;debile</strong></span> <span class='ocrx_word' id='word_1_329' title='bbox 610 3572 1049 3640; x_wconf 87' lang='lat' dir='ltr'><strong>instrumentum,</strong></span> <span class='ocrx_word' id='word_1_330' title='bbox 1092 3565 1220 3644; x_wconf 84' lang='lat' dir='ltr'><strong>(VI,</strong></span> <span class='ocrx_word' id='word_1_331' title='bbox 1265 3567 1440 3644; x_wconf 89' lang='grc'>125.)</span> <span class='ocrx_word' id='word_1_332' title='bbox 1480 3587 1638 3622; x_wconf 78' lang='lat' dir='ltr'><strong>ovem</strong></span> <span class='ocrx_word' id='word_1_333' title='bbox 1691 3575 1802 3622; x_wconf 89' lang='lat' dir='ltr'><strong>tam</strong></span> <span class='ocrx_word' id='word_1_334' title='bbox 1850 3567 1906 3620; x_wconf 91' lang='lat' dir='ltr'><strong>in</strong></span> <span class='ocrx_word' id='word_1_335' title='bbox 1946 3565 2214 3634; x_wconf 88' lang='lat' dir='ltr'><strong>doctrina,</strong></span> 
     </span>
    </p>
   </div>
  </div>
 </body>
</html>
