2418 3854
1211 154 1295 214 54

292 325 371 378 nis
404 345 469 389 ac
501 327 788 383 visionibus
818 328 980 382 meris
1010 327 1310 384 venditatas
1342 348 1481 397 esse,
1525 328 2013 404 philosophumque
2038 330 2218 394 Bero-

290 410 548 468 linensem
590 416 894 472 Wolfianae
938 413 1250 488 disciplinae
1284 415 1578 489 penultimo
1624 414 1901 471 addictum
1941 417 2217 471 transsub-
2262 455 2270 459 -

291 500 611 556 stantionem
641 503 921 576 signorum
952 509 1007 556 et
1034 499 1386 556 formularum
1415 490 1807 556 abstractarum
1829 498 2220 558 doctrinarum-

287 581 397 661 'que
426 588 477 640 in
510 588 733 642 aethere
760 596 967 643 tantum
995 587 1347 644 habitantium
1377 607 1477 662 pro
1503 589 1726 642 arbitrio
1757 587 1939 643 illicito
1969 589 2222 644 statuisse

290 673 620 729 ostenderet.
677 674 832 746 (VII,
867 672 1040 752 103.)

418 761 534 814 Iam
566 780 672 834 qua
702 761 756 815 in
785 779 847 815 re
875 762 1193 815 Hamannus
1237 758 1555 814 rationalem
1601 758 1977 816 Mendelsohni
2020 761 2223 816 doctri-

290 865 412 900 nam
441 847 819 918 praeverterit,
848 846 1157 921 singulatim
1186 844 1481 901 videamUS.

417 933 756 988 Theoriam
743 933 873 988 iuris
902 942 1129 987 naturae
1159 952 1192 987 a
1219 931 1639 987 Mendelssohno
1681 930 1952 986 conditam
1998 905 2083 987 vel
2123 953 2223 1033 po-

289 1020 394 1074 tius
426 1018 748 1089 adhibitam,
779 1039 940 1093 quam
969 1038 1072 1092 pro
1103 1038 1271 1074 aurea
1298 1028 1555 1092 tanquam
1584 1019 1831 1092 magistri
1862 1038 2028 1088 coxa,
2073 1020 2222 1074 cuius

291 1106 572 1161 sinceritas
618 1126 778 1180 quam
821 1105 1053 1160 maxime
1095 1106 1150 1159 in
1194 1125 1421 1160 examen
1464 1105 1711 1184 vocanda
1754 1114 1931 1175 esset,
1973 1105 2228 1174 haberet3

292 1192 676 1247 disiunctiones
720 1211 931 1262 rerum,
975 1211 1117 1266 quae
1156 1193 1209 1247 in
1239 1193 1478 1267 ipsarum
1507 1186 1886 1246 coniunctione
1916 1200 2079 1266 atque
2108 1192 2224 1247 uni-

289 1287 402 1334 tate
431 1288 638 1335 tantum
669 1280 968 1334 consistere
998 1288 1217 1353 queant,
1249 1281 1316 1333 ab
1349 1299 1416 1333 ea
1444 1279 1579 1352 fingi
1608 1279 1802 1333 merito
1827 1277 1976 1334 dixit.
2021 1279 2225 1340 Quam-

289 1386 413 1420 nam
443 1367 495 1420 in
528 1365 792 1421 eiusmodi
822 1366 898 1421 ait
926 1365 1121 1421 codice
1149 1366 1280 1421 iuris
1309 1374 1562 1435 naturae,
1606 1364 1755 1439 quod
1797 1365 1850 1419 in
1895 1366 2127 1420 activam
2170 1374 2228 1421 et

288 1454 556 1527 passivam
600 1461 887 1526 separetur
930 1453 1196 1508 contineri
1241 1453 1562 1507 veritatem?
1630 1453 1754 1513 Qua
1797 1451 1868 1506 de
1911 1470 2076 1507 causa
2117 1470 2226 1506 non

289 1541 404 1594 sine
434 1541 638 1616 optimo
668 1541 787 1596 iure
815 1539 1144 1595 miserabilis
1172 1540 1390 1603 nomine
1418 1539 1547 1593 illud
1578 1538 1829 1613 appellat.
1876 1539 2054 1600 Quem
2083 1539 2226 1593 enim

289 1647 479 1683 sanum
507 1630 773 1681 unitatem
803 1627 1186 1681 immutabilem
1225 1645 1326 1700 pro
1359 1625 1564 1681 duitate
1594 1624 1875 1680 venditare
1903 1645 1969 1682 ac
1999 1634 2226 1699 catego-

287 1714 396 1769 rias
427 1715 502 1767 ita
530 1712 769 1786 singulas
801 1711 1124 1787 dispergere
1152 1731 1316 1787 posse
1327 1752 1353 1781 ,
1385 1722 1446 1767 ut
1489 1713 1556 1766 ab
1603 1711 1837 1766 essentia
1878 1730 2079 1781 rerum,
2125 1709 2230 1786 (sit

289 1801 365 1855 ita
395 1799 581 1878 dicere
611 1797 764 1875 fas!)
807 1819 967 1874 quam
997 1799 1302 1872 exprimere
1333 1798 1570 1854 debeant
1612 1797 1683 1853 ad
1726 1797 1903 1852 inania
1943 1798 2229 1869 vocabula,

289 1907 430 1962 quae
461 1885 861 1943 definitionibus
891 1885 1245 1943 nominalibus
1275 1885 1628 1959 explicentur,
1660 1884 2007 1940 relabantur?
2032 1883 2087 1960 *)

416 1973 534 2027 Iam
577 1974 631 2026 in
676 1992 771 2027 eos
816 1973 1113 2042 invehitur,
1157 1971 1249 2046 qui
1292 1991 1393 2046 pro
1440 1972 1664 2027 arbitrio
1717 1990 1816 2026 suo
1862 1971 2127 2026 rationem
2170 1972 2225 2027 in

290 2060 424 2116 duas
455 2068 655 2134 parteS,
687 2078 915 2133 quarum
944 2059 1115 2113 altera
1145 2068 1424 2114 externam
1467 2059 1661 2113 iurium
1691 2058 2071 2132 actionumque
2100 2077 2224 2132 per-

289 2146 583 2202 fectionem
626 2155 789 2220 atque
834 2145 1254 2215 absolutionem,
1299 2145 1469 2199 altera
1510 2146 1774 2200 internam
1819 2143 2126 2200 officiorum
2169 2152 2226 2199 et

290 2253 573 2289 sensorum
615 2230 1112 2307 imperfectionem,
1145 2242 1204 2288 ut
1231 2240 1353 2287 utar
1381 2231 1488 2286 hoc
1517 2231 1783 2286 vocabulo
1812 2232 2224 2306 Augustiniano,

290 2354 376 2362 ——-
407 2321 698 2390 contineat,
725 2317 1075 2393 ὑποκριτικῶς
1104 2319 1437 2374 secreverint
1466 2327 1522 2374 et
1551 2329 1833 2393 utramque
1867 2325 2078 2391 partem
2119 2336 2221 2391 pro

291 2408 566 2482 principiis
613 2407 841 2461 civitatis
888 2415 943 2461 et
985 2406 1190 2461 ethices
1234 2405 1423 2460 haberi
1467 2405 1747 2461 voluerint.
1833 2406 2128 2460 Rationem
2170 2408 2226 2459 et

292 2497 532 2569 linguam
564 2504 752 2548 censet
780 2493 1050 2547 vinculum
1077 2501 1192 2548 tum
1221 2492 1505 2560 internum,
1535 2500 1648 2546 tum
1679 2501 1960 2546 externum
1989 2491 2222 2557 societa-

290 2583 359 2636 tis
390 2581 675 2636 cuiuslibet
705 2599 843 2650 esse,
874 2578 1021 2654 quod
1052 2578 1320 2634 vinculum
1349 2597 1381 2631 a
1410 2587 1603 2632 natura
1633 2578 1945 2651 colligatum
1982 2577 2074 2652 qui
2117 2577 2225 2632 dis2

290 2676 523 2742 rumpat,
550 2666 718 2721 fidem
748 2686 872 2720 eum
903 2675 959 2721 et
985 2667 1314 2740 probitatem
1344 2663 1413 2719 de
1442 2663 1642 2719 mundo
1673 2664 1882 2719 tollere.
1915 2662 2221 2741 (VII,35.)

289 2755 473 2811 Verba
503 2763 559 2808 et
587 2772 693 2822 res,
723 2773 888 2827 quum
915 2771 1079 2807 unum
1107 2750 1307 2825 aliquid
1337 2751 1460 2819 sint,
1496 2760 1660 2825 atque
1702 2751 2019 2807 alterutrum
2060 2751 2222 2818 alter-

289 2850 413 2897 utro
445 2841 803 2908 contineatur,
833 2829 887 2893 in
916 2840 1079 2894 rebus
1107 2847 1221 2894 tum
1252 2837 1459 2907 divinis,
1488 2847 1603 2892 tum
1631 2838 1906 2907 humaniS,
1937 2837 2085 2912 quod
2128 2856 2222 2892 com

292 2926 502 3002 gitandi
532 2935 587 2982 et
616 2925 817 3000 agendi
845 2926 1129 2994 rationem,
1160 2925 1435 2993 unitatem,
1466 2926 1792 2979 contrariam
1832 2925 1977 2980 illam
2015 2925 2222 2979 abstra-

292 3015 557 3069 ctionibus
603 3013 908 3070 Wolfianae
955 3011 1351 3086 metaphysices
1403 3011 1782 3082 rationalibuS‚
1833 3012 2032 3086 quippe
2080 3029 2222 3084 quae

292 3101 532 3155 actiones
564 3109 619 3154 et
649 3100 1011 3174 cogitationes
1041 3099 1096 3153 in
1127 3098 1261 3154 duas
1292 3118 1493 3173 easque
1522 3106 1764 3154 mortuas
1792 3106 1976 3173 partes
2003 3106 2224 3170 separet

294 3185 724 3262 amplectendam
755 3206 876 3243 esse
905 3185 1202 3244 identidem
1231 3186 1557 3261 pronuntiat.
1647 3187 1771 3248 Qua
1802 3185 1856 3242 in
1894 3183 2099 3239 unitate
2141 3184 2222 3238 in-

404 3488 448 3535 *)
487 3485 555 3527 cf.
595 3486 757 3536 locum,
796 3493 921 3531 quem
967 3483 1019 3522 de
1061 3483 1308 3523 inveteratis
1355 3485 1582 3538 verborum
1629 3481 1683 3521 de
1720 3480 1980 3522 finitionibus
2019 3494 2072 3524 ex
2110 3481 2223 3534 opp.

294 3566 322 3600 t.
354 3560 450 3612 Vll,
480 3555 551 3599 27.
581 3558 813 3612 attulimus.
