2418 3854
1130 173 1207 233 17

200 354 531 429 Einbildung
570 349 665 407 auf
699 353 812 407 sein
854 352 1078 426 eigenes
1120 349 1355 404 Selbst.“
1394 380 1479 389 -
1521 347 1628 410 Qui
1656 354 1847 421 postea
1877 366 2000 415 eoS‚
2030 349 2121 422 qui

198 446 543 500 Hamannnm
572 439 916 508 admirantur,
945 439 1024 492 sic
1053 436 1365 509 alloquitur:
1395 435 1704 508 „Thorigte
1732 434 2121 509 Bewunderer‚

201 531 291 585 die
321 531 405 584 ein
435 528 623 582 Leben
657 526 761 580 voll
792 526 1086 598 Irrungen,
1127 524 1248 576 eine
1290 520 1724 575 Schriftstellerei
1766 521 1873 574 voll
1910 521 2120 578 Barba—

199 618 415 684 rismen,
468 615 666 667 einen
723 611 1114 666 Charakter
1164 608 1299 662 voll
1349 608 1642 662 Blossen
1683 608 1760 662 als
1799 608 1885 661 ein
1914 609 2123 664 Muster

198 704 550 769 bestaunen‚“
605 698 903 771 suadetque
952 706 1012 751 ut
1061 694 1344 768 abjiciatur
1391 695 1560 747 inanis
1621 694 1758 748 haec
1815 693 2119 751 admiratio.

200 792 258 845 S.
289 786 466 863 439.)
507 788 573 841 In
613 783 983 840 adumbranda
1020 791 1200 838 autem
1239 782 1511 846 Hamanni
1546 781 1783 854 imagine
1817 790 1967 836 tanta
1993 802 2122 837 usus

201 883 285 930 est
313 875 627 941 sever-itate,
657 881 717 926 ut
743 871 936 925 merito
967 871 1162 943 cuique
1200 868 1255 923 in
1285 887 1407 923 eum
1436 868 1598 922 liceat
1624 864 1949 938 transferre,
1980 889 2123 943 quae

197 961 404 1016 Plinius
434 959 504 1013 de
532 959 867 1032 Euthycrate
895 957 1106 1030 pictore
1137 956 1291 1010 dicit:
1320 962 1574 1024 „austero
1604 953 1817 1022 maluit,
1849 974 2008 1027 quam
2030 954 2120 1028 ju-

200 1046 379 1103 cundo
423 1064 628 1119 genere
667 1045 939 1117 placere.“
1006 1044 1166 1112 „Man
1198 1061 1342 1095 muss
1372 1060 1613 1108 warnen,
1645 1038 1779 1094 dicit
1807 1042 1947 1095 enim
1978 1043 2121 1097 Ger-

199 1136 351 1189 vinus
387 1130 478 1206 (S.
511 1130 686 1206 4472)
729 1131 821 1184 ubi
857 1130 1123 1183 rationem
1156 1149 1295 1201 quae
1325 1129 1667 1181 Hamannum
1711 1119 1853 1180 inter
1882 1137 1937 1181 et
1964 1129 2124 1184 Iaco-

198 1222 343 1275 bium
373 1218 694 1286 intercessit,
724 1216 966 1290 attingit,
996 1234 1147 1269 wenn
1176 1216 1428 1268 Hamann
1471 1214 1579 1268 und
1605 1215 1801 1268 Jacobi
1828 1214 1914 1267 ihr
1939 1216 2125 1286 EineS,

199 1325 307 1378 was
336 1304 487 1360 Noth
516 1305 601 1372 ist,
630 1302 897 1376 predigen
925 1301 1035 1356 und
1066 1301 1149 1355 ihr
1177 1300 1370 1374 εὕρηκα
1400 1299 1582 1368 rufen3
1612 1299 1755 1354 denn
1785 1301 1918 1355 aller
1945 1303 2123 1358 Weis-

199 1392 314 1447 heit
340 1389 624 1445 Priifstein-
642 1391 712 1444 ist
741 1389 882 1443 doch
912 1408 1014 1442 nur
1043 1388 1142 1442 der
1169 1388 1320 1442 reine
1343 1388 1631 1442 Abschluss
1654 1389 1750 1441 mit
1772 1387 1896 1441 dem
1911 1387 2122 1457 Leben‚

200 1478 312 1534 und
357 1478 477 1532 hier
517 1485 745 1549 verzagt
788 1475 887 1529 der
929 1476 1068 1529 Eine
1111 1474 1220 1530 und
1258 1472 1582 1528 verzweifelt
1611 1473 1711 1528 der
1738 1473 2011 1530 Andere.“
2039 1508 2125 1517 —-

200 1567 449 1638 Uterque
478 1563 640 1617 iudex
676 1563 944 1615 Ger-vinus
975 1570 1030 1615 et
1057 1562 1324 1634 Hegelius
1370 1562 1423 1614 in
1451 1562 1724 1615 Hamanni
1753 1580 1964 1615 morum
1995 1581 2125 1616 con-

203 1651 406 1706 ditione
450 1649 806 1704 describenda
848 1649 1088 1702 nituntur
1129 1649 1322 1720 partim
1368 1648 1476 1700 vita
1523 1648 1590 1699 ab
1635 1647 1755 1719 ipso
1800 1649 2126 1721 conscripta,

201 1739 397 1812 partim
428 1735 683 1809 epistolis,
713 1735 903 1808 quibus
934 1731 1332 1807 quodammodo
1363 1732 1500 1788 haec
1532 1734 1672 1786 vitae
1703 1734 1972 1787 enarratio
1996 1754 2125 1790 con-

203 1816 408 1880 tinuata
440 1822 609 1876 videri
637 1829 833 1894 potest.
918 1820 1187 1894 Hegelius
1227 1839 1442 1874 errores
1496 1820 1994 1893 inconstantiaeque
2029 1821 2127 1875 do-

205 1918 456 1966 cumenta
484 1909 756 1963 Hamanni
783 1907 1010 1961 hominis
1040 1908 1194 1961 simul
1234 1916 1290 1961 et
1318 1907 1596 1979 scriptoris
1636 1917 1758 1961 cum
1789 1905 1858 1960 ad
1890 1908 2004 1961 eius
2034 1928 2128 1962 na-

204 2007 382 2053 turam
411 2005 524 2050 tum
554 1994 623 2048 ad
654 2013 843 2050 causas
874 2013 939 2046 ex
969 1995 1131 2048 rebus
1162 1995 1396 2063 externis
1425 1994 1750 2048 necessitate
1781 1993 2013 2066 quadam
2043 2015 2128 2049 se—

206 2092 433 2157 quentes
462 2079 646 2136 refert.
734 2080 1001 2134 Gervinus
1033 2090 1221 2134 contra
1260 2100 1477 2134 errores
1518 2088 1574 2135 et
1602 2080 1899 2135 contrarias
1929 2081 2131 2155 agendi

205 2170 472 2237 rationeS,
511 2168 745 2241 vitiaque
785 2166 1017 2239 alioquin
1063 2167 1453 2240 inexplicabilia
1498 2187 1620 2221 cum
1650 2166 1950 2220 Niebuhrio
1983 2188 2049 2222 ex
2080 2169 2131 2221 vi

207 2255 440 2331 quadam
483 2255 826 2322 daemonica,
870 2273 1009 2326 quae
1050 2253 1320 2308 interdum
1362 2253 1724 2326 praevaluerit
1763 2254 1817 2307 in
1859 2254 2131 2308 Hamanni

208 2343 403 2411 animo,
431 2339 680 2415 profecta
709 2360 829 2395 esse
861 2348 1061 2408 censet,
1092 2361 1232 2414 quae
1261 2340 1580 2395 daemonica
1609 2342 1687 2395 vis
1716 2360 1823 2394 non
1853 2340 2017 2395 modo
2048 2343 2129 2396 in-

209 2437 426 2503 gratum
469 2447 606 2502 erga
635 2428 866 2492 amicm,
894 2427 1214 2500 malignum,
1245 2428 1595 2496 obstinatum,
1624 2427 1958 2500 aliorumque
2000 2448 2130 2483 con-

207 2515 326 2570 silia
352 2514 575 2568 meliora
603 2534 712 2569 non
740 2515 1095 2587 accipientem
1125 2534 1246 2569 eum
1275 2514 1592 2581 reddiderit,
1622 2513 1720 2568 sed
1750 2514 1834 2568 vel
1854 2514 2129 2570 simulato-

207 2622 326 2656 rem
366 2602 579 2674 pietatis
610 2610 665 2656 et
696 2601 972 2674 religionis
1000 2598 1208 2656 fecerit.
1266 2602 1380 2655 Iam
1415 2621 1543 2654 vero
1574 2601 1842 2673 prioribus
1870 2602 2131 2674 tempori-

207 2690 678 2743 bus0Hamannum
710 2687 948 2742 videmus
978 2697 1168 2742 contra
1197 2689 1555 2762 castigatores
1584 2688 1718 2742 tales
1748 2708 1807 2742 se
1837 2686 2132 2742 defenden-

207 2784 336 2830 tem.
369 2771 475 2848 (H.
521 2775 578 2829 S.
613 2775 916 2828 Gedanken
944 2776 1082 2828 iiber
1122 2775 1333 2829 meinen
1363 2773 1698 2829 Lebenslauf
1720 2775 1764 2842 Ι,
1799 2776 1950 2829 235:
1997 2777 2135 2843 Gott

209 2861 304 2916 hat
332 2860 446 2915 sich
474 2861 860 2915 iusbesondere
890 2860 987 2915 des
1026 2860 1438 2917 Briefwechsels
1478 2862 1681 2916 meines
1724 2860 2007 2915 Freundes
2037 2862 2134 2914 be-

213 2948 378 3016 dient,
421 2947 563 3001 mich
605 2966 790 3020 gegen
834 2946 937 3001 den
969 2948 1262 3022 Sauerteig
1305 2949 1401 3002 des
1444 2949 1855 3022 Aberglaubens
1892 2947 2004 3001 und
2035 2946 2136 3001 der

212 3034 516 3090 Heuchelei
548 3034 811 3089 wachsam
840 3053 907 3087 zu
936 3034 1227 3110 erhalten.)
1301 3035 1456 3096 Quae
1493 3036 1662 3108 igitur
1699 3035 1816 3106 ipse
1856 3033 2023 3088 adtuli
2065 3032 2136 3088 de

213 3122 485 3176 Hamanni
527 3121 652 3188 vita,
698 3139 763 3174 ea
804 3119 944 3175 hanc
988 3122 1058 3175 ob
1101 3140 1218 3175 rem
1257 3121 1468 3194 prolata
1497 3129 1636 3189 sunt,
1664 3129 1723 3175 ut
1752 3140 1817 3174 ex
1846 3129 2004 3193 parte
2033 3121 2137 3173 alia

217 3208 393 3282 magis
420 3206 674 3261 laudabili
702 3206 1156 3277 consideraretur,
1177 3201 1317 3280 quae
1346 3208 1391 3260 si
1420 3207 1593 3261 nimiis
1620 3206 1866 3261 laudibus
1889 3209 2136 3280 cuiquam

219 3302 479 3348 exornata
522 3314 554 3348 a
595 3294 749 3348 nobis
793 3292 1069 3362 videatur,
1105 3295 1281 3349 animo
1311 3293 1641 3366 perpendat,
1671 3294 1858 3362 velim,
1889 3294 2138 3347 diuturna

217 3377 576 3435 familiaritate
604 3400 727 3435 cum
756 3380 934 3453 aliquo
962 3377 1123 3435 facile
1160 3399 1400 3435 amorem
1443 3382 1557 3435 eius
1601 3389 1764 3454 atque
1806 3380 1932 3433 inde
1978 3380 2171 3433 etiamr

218 3464 679 3540 praedicationem
707 3467 946 3523 excitari.
1036 3467 1207 3530 Quod·
1227 3469 1282 3522 in
1308 3486 1408 3521 nos
1439 3467 1639 3523 cadere
1667 3465 1810 3520 haud
1840 3466 1988 3519 inviti
2010 3485 2139 3520 con-

224 3551 482 3623 cedimus,
512 3571 834 3627 quamquam
861 3573 962 3629 pro
995 3555 1193 3611 viribus
1222 3554 1278 3610 id
1310 3555 1538 3629 egimuS,
1569 3562 1627 3608 ut
1655 3553 1940 3614 iustissime
1971 3551 2041 3606 (le
2071 3571 2139 3629 eo

1643 3635 1679 3693 2
