2418 3854
0 0 72 351 l

1103 187 1183 247 75

62 393 118 429 2
177 364 435 422 dedoceri
475 371 783 436 pateretur,
822 370 1005 437 partes
1047 362 1114 417 ab
1169 382 1236 417 eo
1289 373 1567 436 susceptas
1610 382 1730 417 esse
1770 362 2106 418 animadver-

0 451 15 471 Ψ
86 455 126 506 {xg‘
174 454 373 509 timus„
716 484 721 488 ·
855 486 857 488 ·
1443 464 1447 476 ‘
1498 479 1501 482 ’

287 540 369 593 Ac
398 535 489 592 tali
520 536 753 590 muneris
784 536 1092 610 scriptoriS,
1136 535 1285 610 quod
1315 537 1366 590 in
1398 556 1458 590 se
1488 544 1821 609 susceperat,
1850 536 2016 590 tutori
2053 544 2108 591 et

103 637 105 639 ’
178 624 390 681 censori
418 623 764 696 primigenito
799 621 937 697 (hoc
964 623 1103 677 enim
1134 623 1350 677 nomine
1381 622 1617 695 appellat
1644 624 1989 676 Hamannum
2002 623 2107 691 III,

102 715 113 768 J
179 710 354 786 352.)
383 711 613 783 ,primam
628 707 1068 782 fragmentorum
1098 710 1314 783 abipso
1348 710 1781 782 conscriptorum
1809 709 2109 764 sectionem

95 800 128 804 ”
176 799 353 866 misit,
396 804 456 850 ut
498 797 552 850 in
593 815 886 852 censuram.
920 804 1081 851 vocet
1124 815 1262 850 eam.
1288 804 1344 850 et
1384 805 1613 869 peccata
1659 797 1818 850 obvia
1861 796 2109 869 corrigat

178 885 338 940 etiam
369 892 532 955 atque
563 883 724 936 etiam
754 882 941 938 abillo
973 883 1296 956 postulans}
1326 880 1486 957 (ibid.
1520 883 1675 951 358,
1709 881 1886 959 378.)
1918 882 1972 936 in
1996 901 2105 956 quo

91 1031 102 1039 ὣ
174 982 355 1026 tamen
395 971 714 1023 Hamannus
756 969 1158 1024 inuniversum
1195 978 1404 1024 tantum
1442 969 1634 1024 iudicis
1677 968 1858 1023 officio
1898 967 2109 1026 satisfa-

177 1056 430 1112 ciendum
470 1055 570 1109 sibi
611 1075 730 1109 6556
768 1057 991 1127 putavit.
1074 1057 1192 1110 Iam
1242 1055 1530 1111 Herderus
1579 1056 1810 1110 amicum
1849 1056 2112 1130 pleraque

176 1144 379 1198 rectius
408 1161 468 1195 se
497 1141 695 1195 vidisse
740 1142 1046 1197 concedens
1077 1162 1183 1196 non
1214 1144 1416 1216 potuit,
1460 1143 1586 1216 quin
1614 1143 1706 1212 iis,
1752 1162 1892 1216 quae
1919 1143 2009 1197 ille
2039 1141 2110 1197 de

123 1280 127 1283 .
178 1231 343 1303 ipsius
374 1227 611 1282 dictione
641 1236 952 1298 notaverat,
999 1227 1327 1284 defendendi
1357 1230 1438 1284 sui
1490 1249 1655 1284 causa
1678 1229 1896 1303 *aliquid
1936 1247 2109 1303 oppo-

178 1324 362 1380 neret,
405 1315 614 1368 muneri
654 1315 891 1369 nondum
942 1336 1002 1369 se
1042 1335 1255 1388 parem,
1299 1316 1395 1370 sed
1448 1322 1667 1388 pomum
1707 1336 1948 1389 praecox
1989 1335 2111 1371 esse

175 1403 392 1469 (licens,
437 1411 625 1473 utpote
676 1401 824 1474 quod
874 1403 1159 1475 tranquille
1203 1403 1544 1478 incedentem
1585 1405 1994 1470 orationem-ac
2029 1401 2109 1457 fa-

178 1489 539 1545 miliaritatem
578 1497 863 1560 respueret
918 1486 1092 1561 (ibid.
1136 1490 1330 1565 363.).
1406 1490 1574 1544 Cuius
1621 1491 1699 1544 rei
1759 1510 2005 1545 caussam
2043 1509 2110 1545 ex

180 1575 450 1631 communi
480 1575 823 1628 institutionis
854 1583 909 1629 et
938 1575 1249 1644 doctrinae,
1291 1576 1481 1648 quibus
1510 1577 1750 1644 usus‘sit,
1781 1597 1847 1631 ac
1876 1576 2112 1650 denique

178 1682 359 1716 rerum
392 1659 807 1715 domesticarum
839 1658 998 1716 fonte,
1018 1661 1371 1734 repetendam
1403 1683 1522 1716 esse
1554 1665 1642 1717 ait.
1707 1663 1844 1717 Inde
1872 1664 2111 1736 peculia-

179 1769 295 1802 rem
327 1748 575 1801 dictionis
606 1747 844 1800 indolem
875 1748 1246 1820 explicandam
1278 1768 1426 1815 esse;
1469 1750 1590 1803 fieri
1630 1750 1769 1802 enim
1810 1770 1917 1803 non
1948 1770 2113 1823 posse

123 1911 127 1915 η
178 1844 238 1889 ut
269 1835 358 1908 qui
398 1833 657 1907 singulari
708 1833 946 1907 quodam
999 1843 1054 1888 et
1092 1835 1303 1889 insolito
1347 1835 1510 1888 modo
1553 1837 1775 1900 sentiat,
1818 1836 1963 1891 idem
2004 1856 2113 1891 non

179 1922 300 1976 stilo
343 1920 602 1994 singulari
644 1929 699 1974 et
750 1921 964 1975 insolito
1015 1922 1231 1975 scribat.
1306 1922 1528 1989 „Meine
1579 1907 1874 1991 :StudienJ‘
1923 1924 2114 1996 inquit,

180 2006 345 2078 „sind
385 2007 484 2062 wie
523 2005 773 2080 Zweige,
818 2006 906 2060 die
948 2006 1119 2061 durch
1159 2008 1243 2061 ein
1282 2008 1624 2081 Ungewitter
1663 2010 1758 2064 mit
1798 2010 1974 2064 einem
2003 2010 2115 2064 Mal

182 2093 567 2168 ausgetrieben
608 2093 847 2147 worden.
920 2095 1069 2147 Aber
1110 2095 1297 2148 wissen
1339 2095 1433 2148 Sie
1473 2094 1638 2162 auch,
1686 2095 1809 2150 dass
1850 2096 1939 2151 ich
1969 2096 2113 2151 noch

181 2181 331 2236 nicht
358 2181 430 2233 im
459 2179 612 2233 Alter
642 2179 742 2234 der
768 2178 959 2248 Reife,
1003 2180 1239 2234 sondern
1271 2180 1371 2234 der
1398 2181 1609 2235 Blatter
1637 2182 1766 2237 bin?
1817 2183 1958 2237 Eine
1978 2182 2114 2256 jede

181 2268 294 2322 liiilt
323 2267 443 2320 eine
483 2285 659 2340 ganze
700 2266 911 2322 Frucht
953 2267 1006 2320 in
1044 2266 1187 2336 sich,
1218 2268 1352 2321 aber
1394 2268 1530 2322 viele
1573 2264 1731 2323 fallen
1770 2267 1980 2325 freilich
2022 2267 2118 2324 auf

184 2355 272 2408 die
311 2352 482 2410 Erde.
555 2352 771 2407 Wollen
819 2354 913 2407 Sie
964 2373 1028 2407 an
1079 2354 1252 2407 einem
1286 2352 1496 2428 jungen
1537 2355 1747 2410 Baume
1796 2356 1969 2411 lieber
2017 2358 2112 2411 ab—

183 2439 477 2495 scbneiden
517 2439 654 2492 oder
696 2437 1119 2512 einpfropfen?“
1192 2441 1295 2494 Cui
1339 2438 1669 2510 defensioni,
1723 2463 1888 2521 quum
1929 2433 2114 2513 addat,

184 2549 243 2582 se
283 2529 336 2581 in
377 2527 681 2599 praesentia
723 2524 792 2579 ad
836 2527 1057 2581 consilia
1100 2546 1206 2580 non
1244 2536 1353 2581 tam
1394 2528 1767 2601 exsequenda,
1822 2549 1983 2604 quam
2023 2550 2114 2585 ca-

184 2613 381 2688 pienda
411 2612 740 2667 incitandum
772 2634 909 2681 esse,
940 2613 1118 2667 locum
1150 2614 1241 2687 qui
1270 2614 1371 2687 ipsi
1402 2615 1722 2670 obtinendus
1747 2616 1816 2671 sit
1843 2617 2115 2691 scriptori,

186 2701 491 2755 accuratius
521 2699 737 2754 indicat.
780 2700 866 2753 Ex
897 2719 1005 2773 quo
1037 2700 1191 2753 simul
1220 2701 1536 2775 intelligitur
1553 2702 1869 2758 Herderum
1899 2702 2116 2760 diverso

187 2785 406 2860 quidem
447 2786 513 2838 ab
557 2787 1119 2859 Hamannogenere,
1166 2787 1313 2861 quod
1364 2797 1544 2843 tamen
1587 2797 1642 2843 et
1679 2790 1855 2862 ipsum
1895 2789 2117 2845 defendi

184 2872 516 2948 probarique
544 2881 746 2944 posset,
777 2893 836 2926 se
865 2872 1252 2927 numerandum
1285 2894 1405 2928 esse
1436 2875 1724 2930 censuisse.
1773 2870 1953 2950 Atque
1975 2876 2117 2932 hanc

186 2958 549 3033 praestantiae
577 2978 708 3013 suae
732 2959 1116 3013 conscientiam
1139 2960 1191 3014 in
1216 2961 1475 3015 Herdero
1497 2963 1672 3035 magis
1698 2963 1859 3017 etiam
1875 2964 2118 3038 viguisse

188 3046 431 3100 videmus
463 3064 529 3098 ex
557 3044 766 3115 litteris,
797 3065 929 3118 quas
958 3054 1151 3118 postea
1179 3046 1250 3100 ad
1278 3049 1622 3102 Hamannum
1653 3048 1820 3118 dedit,
1852 3057 1907 3104 et
1930 3070 2117 3124 quam-

189 3133 268 3186 vis
297 3132 385 3186 ille
428 3150 535 3184 non
565 3150 666 3204 per
693 3131 799 3185 vim
831 3133 1078 3187 effecerit
1113 3132 1180 3186 ab
1222 3134 1396 3187 amico
1437 3143 1498 3188 ut
1532 3135 1585 3188 in
1617 3134 1814 3190 eodem
1843 3156 1968 3192 cum
1997 3138 2117 3211 ipso

193 3218 507 3272 eruditionis
564 3217 742 3291 gradu
785 3218 1163 3288 collocaretur,
1213 3228 1394 3274 tamen
1442 3221 1789 3276 Hamannum
1839 3224 2118 3297 peculiari,

123 3349 131 3358 .
194 3324 357 3378 quam
394 3303 681 3359 Herderus
726 3305 1054 3378 sequebatur
1107 3305 1373 3360 sentiendi
1421 3307 1616 3361 rationi
1662 3317 1869 3365 tantum
1911 3310 2119 3365 condo-

192 3410 379 3459 nasse,
408 3404 468 3445 ut
507 3411 630 3445 eum
667 3410 807 3445 nova
838 3400 893 3445 et
922 3389 1137 3446 diversa
1165 3393 1233 3446 ab
1266 3413 1360 3463 ea,
1405 3413 1544 3467 quae
1584 3395 1686 3467 ipsi
1726 3396 1837 3449 visa
1876 3405 1997 3451 erat
2023 3392 2123 3451 'via

126 3478 134 3485 ”
194 3476 451 3532 incedere
492 3486 800 3550 pateretur3
844 3478 952 3531 imo
996 3478 1315 3534 consultoris
1357 3488 1413 3535 et
1454 3480 1645 3534 iudicis
1685 3501 1876 3536 munus
1918 3483 1987 3537 ab
2029 3483 2121 3538 illo

195 3563 464 3619 interdum
494 3564 545 3617 in
574 3565 749 3638 ipsum
780 3564 1032 3621 collatum
1069 3566 1211 3622 ultro
1253 3566 1638 3642 deprecantem
1682 3588 1749 3623 ex
1777 3569 2124 3631 Herderiana
