2418 3854
1068 201 1148 260 47

153 393 211 440 ut
253 384 319 438 ab
365 380 576 455 origine
619 397 716 433 sua
760 377 1113 445 deducantur,
1160 375 1492 430 redeundum
1540 396 1659 431 esse
1703 377 1772 431 ad
1802 377 2066 452 principia

151 471 280 525 iuris
309 467 580 534 naturaliS,
611 485 783 540 eaque
813 482 932 519 esse
963 462 1304 535 explicanda:

275 557 366 610 Ius
396 574 517 608 esse
546 551 854 607 facultatem
883 549 1160 617 moralem,
1205 568 1310 621 qua
1356 569 1421 602 ex
1466 550 1760 622 sapientiae
1805 558 1861 604 et
1903 551 2066 605 bene-

151 643 418 697 volentiae
447 641 658 713 legibus
689 638 758 692 ad
786 635 1168 691 beatitudinem
1205 644 1444 688 nostram
1490 636 1907 708 comparandam
1951 645 2067 690 uta—

150 748 286 783 mur.
372 725 628 781 Officium
670 744 788 779 esse
825 723 1202 777 necessitatem
1255 721 1514 775 moralem
1567 722 1862 778 secundum
1911 723 2067 797 leges

151 815 446 888 sapientiae
477 821 532 867 et
559 809 965 866 benevolentiae
995 807 1221 882 agendi}
1267 809 1385 862 iura
1429 818 1608 862 autem
1651 818 1706 862 et
1749 808 1931 864 officia
1972 829 2068 864 ne-

151 901 387 956 cessario
418 898 628 953 vinculo
659 916 843 951 secum
874 896 1159 950 coniuncta
1190 913 1327 949 esse.
1414 895 1618 949 Iurium
1662 904 1718 950 et
1761 895 2070 951 officiorum

150 988 348 1061 duplex
378 1004 549 1060 genus
579 1003 700 1038 esse
730 991 785 1037 et
814 979 1181 1055 perfectorum
1210 990 1266 1036 et
1293 979 1763 1054 imperfectorum3
1792 984 1910 1037 iura
1939 1003 2066 1056 per-

148 1073 293 1130 fecta
321 1092 443 1127 esse
475 1073 592 1125 iura
621 1068 879 1143 adigendi
911 1066 1398 1143 (Zwangsrechte3
1442 1068 1695 1144 aussere)
1726 1070 1856 1123 item
1887 1068 2070 1125 officia

149 1158 394 1234 perfecta
446 1177 567 1212 esse
623 1154 804 1210 officia
848 1154 1138 1228 adigendi3
1202 1153 1754 1229 (Zwangspflichtem
1814 1157 2069 1234 Hussere)

150 1250 268 1301 iura
296 1242 612 1318 imperfecta
643 1262 762 1296 esse
791 1242 1091 1315 postulata3
1137 1239 1316 1296 officia
1361 1236 1685 1314 imperfecta
1722 1262 1843 1297 esse
1888 1242 2070 1299 officia

149 1333 444 1407 religionis,
477 1327 1106 1406 (Qewissenspflichtem
1148 1327 1368 1403 innere)
1416 1329 1708 1383 Hominem
1738 1349 1928 1384 eorum
1969 1332 2069 1385 bo-

93 1431 99 1440 '
149 1436 370 1487 norum,
415 1436 554 1491 quae
599 1436 631 1470 a
672 1424 864 1470 natura
908 1413 1211 1488 possideat,
1257 1416 1555 1488 quibusque
1600 1435 1666 1469 ea
1711 1426 2070 1489 opponantur,

150 1525 290 1580 quae
319 1512 480 1578 pacto
510 1501 801 1577 possideat,
832 1520 952 1555 eam
979 1510 1206 1574 partem,
1238 1521 1344 1575 qua
1385 1499 1544 1555 facile
1588 1512 1776 1557 careat
1816 1505 1870 1557 in
1912 1524 2071 1560 usum

149 1612 215 1647 ac
258 1590 492 1645 fructum
536 1590 763 1643 aliorum
808 1586 1058 1642 conferre
1101 1587 1332 1655 debere;
1374 1587 1581 1661 reliqua
1623 1599 1779 1661 parte
1821 1590 1923 1662 ipsi
1966 1611 2071 1664 pro

148 1679 318 1732 lubitu
348 1697 467 1732 esse
496 1675 770 1730 utendum.
858 1674 1293 1747 Sedvquantum‘?
1333 1674 1644 1746 quomodo?
1673 1676 1797 1729 cui?
1827 1677 1943 1749 quis
1974 1679 2070 1732 be-

149 1763 405 1820 nefacere
435 1763 650 1831 debeat,
679 1761 735 1814 id
765 1759 1066 1814 diiudicare
1103 1760 1157 1813 in
1198 1761 1615 1833 uniuscuiusque
1644 1761 1815 1815 libero
1847 1764 2071 1818 arbitrio

149 1852 384 1926 positum
414 1869 549 1904 esse.
638 1849 684 1901 A
712 1856 904 1901 natura
932 1847 1050 1900 iura
1081 1855 1136 1900 et
1177 1845 1358 1900 officia
1403 1867 1523 1900 esse
1566 1846 1911 1929 imperfect83
1957 1852 2069 1905 cui-

150 1939 337 2013 quein
369 1945 511 1991 statu
546 1943 770 1989 naturae
816 1933 1010 1987 viventi
1051 1934 1132 1986 ius
1178 1951 1495 1987 concessum
1541 1954 1660 1988 esse
1705 1954 1787 2004 ea,
1833 1956 1973 2009 quae
2016 1939 2071 1992 in

151 2045 303 2080 suam
333 2033 388 2078 et
416 2042 506 2091 ea,
538 2040 675 2094 quae
704 2021 756 2073 in
787 2020 1011 2073 aliorum
1039 2039 1195 2073 usum
1225 2040 1290 2074 ac
1328 2018 1561 2074 fructum
1593 2019 1844 2076 conferre
1874 2023 2074 2080 debeat

152 2109 498 2178 diiudicandi,
529 2109 574 2162 si
603 2106 819 2180 quidem
847 2107 966 2160 talis
996 2105 1179 2160 iudicii
1211 2125 1436 2179 compos
1454 2108 1548 2161 sit.
1634 2108 1764 2162 Hoc
1791 2109 1910 2163 iure
1940 2131 2070 2165 con-

127 2198 309 2253 'tineri
337 2196 639 2250 libertatem
668 2193 896 2246 hominis
922 2193 1221 2246 naturalem
1265 2192 1427 2267 idque
1473 2213 1593 2247 esse
1631 2196 1911 2268 proprium
1955 2199 2073 2253 eius

149 2286 368 2352 bonum,
400 2301 507 2356 quo
539 2281 618 2334 rei
647 2278 883 2353 factique
914 2287 969 2334 et
999 2280 1363 2354 cogitationis,
1405 2280 1915 2356 intelligentiaeque,
1961 2305 2069 2358 quo

151 2371 253 2444 ipsi
282 2369 351 2423 ad
381 2367 765 2424 beatitudinem
795 2386 946 2420 suam
976 2364 1312 2420 efficiendam
1344 2375 1615 2439 tamquam
1646 2368 1842 2423 auxilio
1885 2372 1976 2425 uti
2007 2371 2074 2425 li-

153 2465 290 2512 ceat.
380 2457 551 2517 Quam
583 2473 712 2508 vero
742 2453 1028 2519 licentiam,
1057 2454 1148 2506 ubi
1178 2453 1345 2507 semel
1374 2453 1694 2523 adhibuerit,
1723 2454 1780 2509 id
1810 2456 1957 2529 quod
1986 2459 2072 2512 vel

154 2543 366 2610 dixerit,
395 2542 481 2596 vel
508 2540 841 2608 iudicaverit,
875 2540 977 2592 vim
1006 2539 1209 2594 habere
1238 2538 1682 2614 adstringentem,
1712 2561 1961 2616 quaeque
1989 2545 2071 2598 iu—

152 2631 226 2684 ris
257 2628 618 2683 conditionem
648 2635 833 2693 mutet,
861 2635 974 2680 tum
1005 2626 1151 2700 quod
1181 2627 1323 2680 bona
1353 2628 1616 2699 corporiS,
1647 2623 1932 2707 (mobilia)
1955 2639 2071 2686 tum

155 2715 302 2791 quod
329 2716 473 2768 bona
501 2714 658 2767 animi
703 2712 1076 2789 (immobilia).
1163 2714 1344 2786 Ipsam
1391 2714 1676 2768 voluntatis
1718 2716 2072 2790 significatio-

153 2797 278 2857 nem
309 2799 578 2869 sufficere,
608 2808 667 2854 ut
697 2801 834 2854 alter
863 2799 931 2853 de
961 2799 1342 2868 suodecedat,
1374 2800 1510 2855 alter
1538 2800 1592 2854 id
1625 2803 1872 2875 accipiat.
1928 2805 2070 2858 Iuris

155 2897 351 2958 autem,
382 2880 636 2961 quo'quis
678 2887 818 2940 inter
861 2905 947 2940 res
992 2887 1091 2939 sibi
1135 2896 1483 2941 occurrentes
1528 2887 1841 2943 discernere
1883 2891 2072 2961 possit,

154 2975 454 3050 possessio,
484 2992 645 3046 quum
674 2991 779 3026 non
810 2973 878 3026 sit
903 2973 1211 3035 necessaria
1240 2974 1519 3046 cuiquam,
1550 2975 1750 3029 bonum
1789 2992 1911 3029 eam
1937 2973 2074 3031 'esse

156 3079 641 3136 supervacaneum,
686 3058 833 3132 quod
873 3059 928 3112 in
971 3059 1197 3113 alterum
1241 3057 1475 3114 conferri
1518 3061 1703 3131 possit.
1787 3061 2072 3118 Actionem

161 3146 474 3203 conferendi
516 3146 840 3219 promissi
882 3146 1097 3199 nomine
1142 3145 1416 3218 appellari,
1461 3145 1777 3218 accipiendo
1824 3148 1945 3202 fieri
1973 3170 2069 3222 pa-

161 3235 407 3289 ctionem.
493 3234 619 3288 Hac
648 3233 857 3286 ratione
899 3232 981 3285 ius
1025 3231 1261 3300 alteriuS,
1304 3230 1450 3304 quod
1495 3242 1652 3286 antea
1695 3231 2070 3307 imperfectum

160 3318 352 3388 fuerit,
393 3318 692 3392 perfectum
734 3318 855 3372 fieri
900 3315 1025 3392 (ius
1067 3317 1359 3394 adigendi)
1406 3337 1568 3391 quum
1610 3321 1693 3374 ius
1739 3320 2071 3385 decernendi

163 3401 421 3461 cessione
460 3406 676 3461 alterius
729 3407 931 3459 bonum
982 3402 1186 3460 factum
1236 3405 1331 3474 sit,
1381 3404 1572 3479 idque,
1618 3407 2072 3480 quemadmodum

162 3511 325 3565 supra
355 3492 653 3564 expositum
681 3493 766 3562 sit,
794 3491 902 3546 vim
928 3491 1132 3547 habere
1162 3491 1606 3566 adstringentem,
1635 3493 1711 3547 ita
1738 3501 1804 3547 ut>
1841 3494 1978 3549 alter
2018 3495 2072 3549 vi

162 3598 228 3634 eo
245 3578 427 3652 possit
453 3577 630 3652 potiri.
658 3574 663 3577 ’
714 3580 1007 3637 Hominem
1026 3580 1104 3644 gex
1131 3586 1357 3636 naturae
1386 3555 1528 3634 siatu
1554 3578 1787 3635 ¹actione
1828 3580 1933 3651 illa,
1977 3579 2074 3636 n‘ass
