2418 3854
1233 239 1322 301 68

306 419 422 470 Iam
463 416 808 470 Hamannum
853 414 907 467 in
947 412 1054 467 hoc
1096 414 1362 490 principio
1403 415 1840 489 acquiescentem
1881 417 2238 492 philosophia,

307 504 351 558 si
381 521 495 556 rem
526 510 782 557 accurate
811 498 1241 556 consideraveris
1270 512 1496 576 prorsus
1535 521 1597 557 se
1625 501 1909 559 abdicasse
1938 513 1995 559 et
2021 505 2076 558 in
2096 499 2226 559 'con-

306 590 579 644 iunctione
622 607 742 642 cum
792 587 918 641 Deo
963 586 1180 642 unicum
1219 589 1548 663 cognitionis
1587 587 1792 643 fontem
1834 589 2100 666 detegere
2139 590 2240 644 sibi

306 677 478 732 visum
517 695 636 730 esse
676 673 962 748 intelliges,
1048 673 1114 728 In
1162 695 1271 748 quo
1311 676 1557 730 Socratis
1610 675 1914 748 exemplum
1954 685 2240 751 sequutum

306 783 428 819 esse
458 761 620 829 dixit,
665 761 757 834 qui
787 768 844 815 et
881 760 1001 833 ipse
1040 770 1102 816 ut
1130 780 1199 816 ex
1236 762 1498 818 tortuosis
1526 761 1889 835 sophistarum
1918 763 2130 821 circulis
2160 760 2239 819 ef-

305 848 552 924 fugeret,
593 845 664 901 ad
693 866 854 902 unam
882 847 1194 915 veritatem,
1237 867 1378 922 quae
1407 848 1460 902 in
1492 848 1677 904 abdito
1706 849 1830 904 loco
1860 849 2082 918 lateret,
2124 850 2159 906 i.
2190 869 2240 904 e.

305 936 375 990 ad
406 934 568 989 deum
597 934 846 1008 ignotum
876 932 1165 988 colendum
1195 932 1303 989 dux
1332 934 1667 1009 praeivisset.
1740 936 1911 991 Cuius
1939 955 2006 991 ex
2033 936 2242 998 Memo-v

306 1023 418 1078 rab.
449 1021 692 1076 Socratis
721 1021 1110 1075 Hamannianis
1141 1019 1279 1090 loci,
1311 1041 1476 1096 quum
1506 1042 1670 1096 supra
1700 1024 2035 1088 mentionem¹
2056 1022 2239 1079 iniice-

304 1127 502 1176 remUS,
545 1106 752 1162 addere
782 1106 1114 1162 debebamus
1143 1108 1491 1163 Hamannum
1530 1118 1773 1165 nostrum
1803 1109 1874 1164 de
1903 1109 2136 1164 Socrate
2163 1108 2241 1163 lo-

301 1204 557 1271 quentem
585 1214 692 1248 non
723 1201 930 1248 tantum
959 1192 1031 1248 ad
1061 1195 1452 1268 antiquitatem,
1482 1215 1670 1251 verum
1700 1197 1863 1252 etiam
1883 1195 1954 1251 ad
1977 1216 2038 1250 se
2066 1197 2242 1269 ipsum

302 1283 580 1355 respicere
609 1300 788 1354 neque
818 1275 1013 1336 revera
1044 1281 1190 1336 aliud
1220 1281 1351 1355 quid
1379 1282 1607 1356 intelligi
1637 1283 1792 1352 velle,
1821 1284 1921 1338 nisi
1941 1282 2244 1339 doctrinam

302 1369 663 1425 christianam.
710 1367 794 1423 Cf.
824 1368 881 1435 I,
917 1369 1056 1423 117.
1088 1367 1174 1423 Cf.
1196 1369 1290 1437 IV,
1323 1370 1476 1426 285:
1514 1369 1623 1426 Die
1643 1369 1810 1425 Perle
1840 1369 1938 1424 des
1961 1368 2241 1427 christea-

300 1457 479 1511 thums
519 1456 588 1509 ist
630 1455 716 1510 ein
755 1455 1128 1528 verborgenes
1168 1455 1363 1510 Leben
1402 1456 1459 1510 in
1501 1459 1661 1525 Gott,
1706 1457 1830 1511 eine
1867 1454 2154 1512 Wahrheit
2192 1455 2245 1511 in

303 1543 524 1598 Christo
568 1541 678 1596 und
720 1542 842 1596 eine
890 1539 1084 1610 Kraft,
1128 1541 1217 1597 die
1259 1542 1443 1597 weder
1480 1543 1533 1597 in
1573 1543 1802 1599 Worten
1843 1541 1955 1599 und
1994 1542 2244 1597 Gebriiu—

301 1629 458 1698 chen,
502 1628 689 1683 noch
675 1648 728 1682 1n
757 1628 1018 1702 Dogmen
1048 1628 1159 1683 und
1188 1629 1504 1685 sichtbaren
1526 1631 1770 1686 Werken
1811 1628 2058 1699 besteht,
2099 1626 2243 1703 folg-

301 1717 407 1771 lich
438 1715 578 1770 auch
608 1714 755 1769 nicht
783 1715 923 1769 nach
954 1714 1364 1771 dialektischem
1395 1715 1503 1784 und
1539 1716 1835 1773 ethischem
1865 1719 2243 1829 Augenmaass

301 1802 587 1878 geschatzt
615 1800 832 1856 werden
872 1802 1033 1856 kann.
2225 1851 2229 1858 ,

417 1889 790 1951 Quamobrem
818 1887 1191 1962 philosophiae
1232 1860 1286 1943 id
1330 1887 1481 1963 quod
1521 1908 1686 1962 supra
1717 1887 2050 1944 ostendimus
2078 1887 2245 1946 fidem

303 1976 647 2033 christianam
678 1984 843 2048 atque
873 1975 1311 2031 coniunctionem
1343 1996 1467 2031 cum
1495 1975 1622 2032 Deo
1652 1974 1948 2043 ineundam
1973 1974 2243 2049 opposuit.

301 2064 453 2119 Fieri
484 2071 664 2118 autem
693 2081 803 2116 non
831 2081 994 2135 posse
1025 2062 1126 2131 ait,
1171 2071 1230 2118 ut
1257 2061 1397 2117 haec
1428 2062 1658 2132 veritaS,
1699 2062 2008 2119 coniunctio
2038 2061 2246 2118 scilicet

305 2170 428 2206 cum
456 2149 582 2204 Deo
614 2149 666 2203 in
707 2168 767 2203 se
811 2149 1059 2204 absoluta
1101 2158 1266 2223 atque
1307 2149 1636 2205 cohaerente
1680 2149 1891 2204 ratione
1936 2146 2244 2224 disputandi

303 2237 631 2304 declaretur,
677 2255 842 2309 quum
871 2255 978 2290 non
1011 2236 1207 2306 verbiS,
1249 2237 1363 2291 sive
1392 2234 1660 2304 formuliS,
1705 2235 1805 2291 sed
1834 2236 2055 2304 animo,
2082 2254 2244 2291 sensu

303 2333 360 2380 et
387 2323 694 2378 notionibus
723 2323 1066 2378 contineatur
1096 2320 1183 2397 (I,
1220 2322 1411 2398 122).
1454 2322 1652 2379 Fidem
1683 2342 1790 2377 non
1820 2322 1982 2391 sicutiv
2003 2339 2244 2379 mercem

303 2410 691 2467 communicari
730 2429 924 2484 posse,
970 2409 1069 2464 sed
1103 2399 1207 2465 ¹aut
1245 2410 1459 2465 coelum
1499 2419 1595 2464 aut
1639 2428 1827 2464 orcum
1864 2409 1918 2465 in
1974 2399 2245 2465 nobismet

302 2498 432 2573 ipsis
463 2517 600 2552 esse.
648 2493 875 2571 (Jacobi
906 2495 1083 2572 358.)
2125 2516 2128 2519 ·

417 2585 482 2640 In
512 2584 645 2652 hac,
695 2602 855 2657 quam
885 2582 1050 2637 modo
1082 2582 1428 2656 exposuimus
1440 2623 1456 2650 ,
1500 2581 1553 2636 in
1594 2600 1759 2637 unum
1794 2581 1974 2638 locum
2004 2580 2243 2637 omnium

303 2690 487 2727 rerum
514 2670 806 2739 relatione,
844 2669 1008 2743 inque
1037 2669 1140 2723 hac
1169 2668 1591 2737 „internitate',“
1635 2669 1681 2722 si
1709 2669 1785 2722 ita
1815 2664 2006 2723 dicere.
2028 2665 2111 2722 fas
2141 2675 2242 2736 est,

302 2757 595 2832 peculiaris
627 2765 682 2811 et
709 2775 934 2829 prorsus
963 2755 1188 2829 propria
1214 2755 1578 2810 Hamanniani
1608 2754 2003 2810 Christianismi
2030 2753 2239 2821 indoles

304 2864 370 2900 ac
408 2852 602 2899 natura
653 2843 909 2898 cernitur.
994 2842 1245 2896 Pertinet
1280 2841 1388 2896 huc
1427 2861 1646 2916 quoque
1684 2841 1847 2911 illud,
1906 2839 2056 2915 quod
2093 2839 2242 2914 apud

302 2932 590 2988 Jacobium
629 2929 694 3004 (l.
724 2929 758 2985 l.
800 2927 978 3005 342.)
1021 2928 1281 3003 legimus:
1324 2927 1480 2983 Allen
1509 2927 1791 3003 Sprachen
1833 2927 1971 3002 liegt
1999 2927 2119 2982 eine
2146 2926 2243 2980 all-

304 3019 557 3092 gemeine
587 3036 710 3071 zum
742 3014 989 3085 Grande,
1018 3016 1213 3084 Natur,
1245 3014 1415 3069 deren
1443 3016 1597 3071 Herr
1624 3014 1735 3070 und
1766 3014 1956 3069 Stifter
1976 3013 2066 3068 ein*
2083 3013 2243 3068 Geist

304 3106 398 3172 ist,
453 3103 553 3158 der
596 3101 954 3158 allenthalben
1004 3102 1113 3157 und
1165 3101 1428 3176 nirgends
1470 3102 1568 3172 ist,
1625 3101 1822 3157 dessen
1865 3102 2074 3156 Sausen
2115 3118 2242 3155 man

306 3192 458 3260 hort,
487 3190 629 3243 ohne
658 3209 726 3244 zu
756 3189 948 3247 wissen
977 3188 1082 3244 den
1111 3189 1400 3244 terminum
1429 3208 1463 3243 a
1491 3208 1600 3263 quo
1641 3188 1752 3244 und
1782 3186 1854 3243 ad
1883 3205 2042 3261 quem
2060 3227 2077 3254 ,
2121 3186 2242 3243 weil

304 3297 366 3333 er
402 3274 506 3330 frei
542 3276 613 3329 ist
652 3294 757 3328 von
808 3275 947 3329 allen
996 3276 1331 3330 materiellen
1369 3274 1771 3331 Verhffltnissen
1823 3274 1897 3328 im
1933 3271 2123 3342 Bilde,
2166 3272 2241 3328 im

301 3366 497 3422 Worte
526 3363 659 3417 aber
687 3362 972 3415 innerle‘ck.
1017 3360 1244 3436 (Jacobi
1273 3359 1450 3436 342.)
1489 3431 1491 3434 ¹

426 3451 544 3505 Iam
588 3447 968 3522 quaerentibus
1010 3448 1195 3516 nobiS‚
1250 3467 1358 3522 qua
1413 3447 1721 3504 Christiana
1774 3444 1911 3501 haec
1965 3446 2238 3515 Hamanni

305 3537 442 3592 fides
484 3537 687 3591 nitatur
726 3533 1148 3607 respondentem
1182 3553 1305 3588 eum
1342 3535 1516 3608 ipsum
1560 3533 1839 3588 audiamus
1883 3552 2108 3588 necesse
2137 3540 2239 3601 est,

305 3642 464 3696 quum
511 3622 680 3681 dicat:
725 3619 951 3696 (Jacobi
987 3620 1019 3678 l.
1055 3620 1088 3676 l.
1118 3619 1250 3697 13.)
1293 3620 1459 3676 libros
1502 3615 1690 3676 sacros
1735 3620 1838 3696 ipsi
1880 3619 2044 3688 idem,
2088 3618 2235 3693 quod
