2418 3854
1196 181 1280 245 66

270 368 533 435 nequeat,
591 359 666 414 ita
717 375 906 413 sensus
972 356 1027 410 in
1078 356 1313 413 humana
1363 365 1556 414 natura
1618 377 1651 412 a
1702 359 1911 415 ratione
1972 359 2208 423 discerni

272 467 381 504 non
420 466 601 522 posse.
699 443 1037 499 Intellectum
1079 444 1194 499 sine
1234 445 1458 500 rationis
1500 447 1846 519 argumentis
1883 466 1992 502 non
2033 449 2208 549 magis

273 534 507 610 cogitari
535 552 715 607 posse,
759 537 921 603 quam
950 550 1167 585 sensum
1197 532 1312 586 sine
1338 531 1634 587 intellectu.

389 621 534 682 Quin
564 620 726 673 etiam
757 617 1080 691 religionem
1110 626 1166 672 et
1194 618 1590 692 philosophiam
1621 636 1689 672 eo
1721 627 1947 674 auctore
1985 639 2094 676 non
2123 639 2209 676 se·

272 706 542 783 parandas
574 724 715 775 esse,
744 703 844 758 sed
875 704 1188 759 coincidere
1218 724 1311 759 eas
1341 714 1631 783 oporterej
1675 704 2007 779 philosophis
2037 709 2211 781 impu-

273 793 497 851 tandum
539 811 690 861 esse,
736 790 886 864 quod
920 790 1141 864 linguae
1184 790 1476 845 disturbari
1517 791 1833 864 inceperint.
1921 794 2212 851 Rationem

276 890 331 936 et
360 880 689 952 scripturam
717 897 928 932 sacram
957 878 1203 950 primitus
1233 877 1380 931 idem
1409 897 1549 946 esse,
1593 897 1788 950 nempe
1818 878 2078 955 linguam
2085 881 2212 940 Dei.

278 966 440 1044 (ibid.
477 964 649 1042 169.)
724 965 841 1018 Iam
871 984 1002 1019 vero
1034 965 1086 1018 in
1118 964 1384 1019 humanae
1413 973 1643 1019 naturae
1672 964 1895 1038 adytum
1924 976 2214 1045 penetrare

275 1053 475 1109 frustra
515 1071 575 1107 se
619 1060 871 1106 conatum
912 1070 1033 1105 esse
1074 1049 1293 1119 fatetur,
1336 1051 1622 1126 ingeniose
1652 1060 1713 1106 et
1737 1061 1898 1107 acute
1928 1052 2057 1111 illud
2087 1072 2214 1128 pro—

277 1140 553 1196 nuntians.
603 1135 885 1210 (Operum
913 1139 1007 1206 IV,
1040 1138 1347 1214 45—47.)
2008 1155 2013 1159 ·

447 1225 556 1279 Die
586 1224 954 1298 Philosophen
997 1224 1172 1279 haben
1204 1244 1307 1278 von
1329 1222 1492 1297 jeher
1521 1224 1621 1279 der
1648 1225 1933 1280 Wahrheit
1970 1216 2219 1281 dadurch

366 1314 525 1368 einen
557 1309 941 1366 Scheidebrief
965 1313 1242 1385 gegeben,
1288 1311 1412 1365 dass
1443 1312 1522 1366 sie
1554 1309 1836 1385 dasjenige
1866 1312 2219 1386 geschieden,

363 1419 473 1453 was
518 1398 606 1452 die
648 1398 827 1452 Natur
867 1396 1379 1472 zusammengefiigt
1416 1398 1542 1467 hat,
1602 1397 1713 1452 und
1751 1399 2096 1472 umgekehrt.
2138 1431 2221 1455 —,-

362 1486 508 1542 Weil
549 1485 647 1539 das
680 1484 1023 1539 Geheimniss
1067 1485 1167 1538 den·
1196 1486 1318 1539 Ehe
1348 1485 1615 1540 zwischen
1658 1485 1791 1540 zwei
1821 1505 1883 1540 so
1916 1495 2222 1561 entgegen-

367 1580 652 1647 gesetzten
682 1572 860 1626 Natu}
864 1592 930 1626 en
962 1572 1038 1626 als
1070 1572 1215 1626 ‹ler
1201 1591 1422 1627 aussere
1453 1572 1632 1628 oder
1619 1573 1807 1628 innere
1830 1573 2059 1628 Mensch
2076 1572 2225 1631 oder

364 1661 505 1714 Leib
547 1658 658 1712 und
689 1659 850 1712 Seele
893 1678 1054 1731 gross
1097 1660 1191 1725 ist3
1235 1679 1296 1714 so
1329 1658 1532 1733 gehiirt
1558 1657 1789 1727 freilich,
1834 1677 1924 1715 um
1948 1679 2030 1715 zu
2046 1660 2224 1720 ciuem

366 1745 654 1800 fasslichen
698 1746 926 1818 Begriss'
971 1765 1074 1799 von
1131 1744 1230 1799 der
1271 1746 1430 1799 Fiille
1481 1746 1535 1800 in
1589 1744 1690 1799 der
1728 1746 1959 1806 Einheit
1999 1764 2223 1801 unseres

365 1831 767 1888 menschlichen
781 1834 1010 1896 Wesens
1038 1851 1101 1885 zu
1115 1832 1409 1905 gelangen,
1423 1833 1544 1891 eine
1566 1833 1989 1889 Anerkenntniss
2004 1833 2221 1888 mehrer

369 1920 483 1975 sich
507 1918 1029 1973 unterscheidender
1044 1918 1310 1973 irdischer
1325 1919 1622 1974 Merkmale
1634 1918 1788 1974 dazu.
1800 1920 1989 1977 -Der
1998 1918 2225 1975 Mensch

352 2008 440 2066 ist
466 2006 615 2061 nicht
643 2025 746 2060 nur
769 2006 852 2059 ein
876 2005 1200 2079 lebendiger
1212 2005 1655 2073 Acker‚sondern
1677 2006 1815 2061 auch
1832 2005 1932 2061 der
1944 2005 2094 2068 Sohn
2126 2005 2225 2065 des

354 2081 601 2159 'AckerS‚
629 2092 742 2147 und
764 2093 908 2147 nicht
930 2094 1226 2147 nurAcker
1249 2092 1358 2147 und
1372 2093 1588 2159 Saame,
1619 2092 1854 2149 sondern
1886 2092 2227 2166 auchKiinig

374 2180 471 2235 des
500 2180 731 2247 Feldes;
762 2208 846 2221 —-
877 2180 1027 2234 de'ese
1056 2181 1205 2236 Dree‘
1227 2180 1357 2234 sind
1383 2184 1520 2247 eins,
1549 2185 1686 2235 θεοῦ
1716 2180 1990 2252 γεώργιον,
2031 2196 2099 2239 σο..
2123 2179 2226 2239 wie

376 2267 724 2322 dreiLarven
754 2287 820 2321 an
853 2265 953 2321 der
966 2266 1145 2322 Wand
1176 2266 1277 2321 der
1299 2265 1870 2323 natiirlicheSchatten
1893 2266 2045 2322 eines
2063 2265 2227 2323 einzi—

345 2374 487 2428 xgen
499 2355 749 2427 Korpers
780 2353 916 2422 sind,
947 2353 1048 2407 der
1078 2355 1164 2408 ein
1195 2353 1480 2427 doppeltes
1493 2353 1656 2408 Licht
1684 2353 1861 2409 hinter
1881 2352 1998 2408 sich
2016 2351 2125 2409 hat.
2144 2365 2226 2407 -κν

295 2440 457 2504 Quod
490 2440 636 2495 idem
666 2450 1047 2514 argumentum
1087 2441 1192 2495 alio
1224 2441 1347 2495 loco
1384 2440 1534 2495 hisce
1577 2441 1756 2495 verbis
1795 2439 2229 2514 ingeniosissime

294 2529 586 2602 expressit:
643 2529 830 2597 „Eine
872 2528 1234 2597 Oekonomie,
1278 2529 1364 2582 ein
1407 2527 1701 2601 Sauerteig
1738 2524 1873 2581 lauft
1911 2524 2085 2581 durch
2126 2525 2232 2584 alle

294 2618 519 2670 Aeonen
559 2615 640 2668 bis
684 2634 752 2668 zu
783 2614 939 2671 ihrer
967 2614 1341 2687 Vollendung3
1384 2613 1651 2670 Weisheit
1688 2614 1757 2668 ist
1786 2610 1989 2668 Gefiihl
2019 2644 2102 2656 —
2131 2612 2231 2670 das

298 2699 502 2757 Gefiihl
533 2701 681 2756 eines
703 2702 898 2756 Vaters
928 2701 1039 2755 und
1070 2702 1218 2756 eines
1247 2700 1475 2756 Kindes'.
1479 2704 1513 2732 “
2207 2731 2214 2738 ·
2318 2702 2326 2709 ’

408 2789 497 2842 Ex
538 2789 619 2858 iis,
665 2807 805 2861 quae
845 2787 1126 2861 hucusque
1167 2787 1315 2842 dicta
1353 2795 1493 2855 sunt,
1538 2794 1767 2859 apparet
1793 2788 2140 2846 Hamannum
2177 2785 2233 2850 in

297 2895 395 2944 eo,
440 2874 641 2948 quod
626 2894 681 2928 ιιι
723 2874 1085 2929 describendo
1128 2874 1242 2928 eius
1283 2874 1488 2947 ingenii
1528 2873 1711 2928 indole
1754 2884 1918 2947 atque
1958 2882 2234 2947 tamquam

301 2982 568 3016 summum
606 2960 1007 3034 respiciendum
1048 2960 1407 3030 ostendimus,
1449 2968 1706 3034 tanquam
1746 2961 1801 3015 in
1838 2961 2115 3016 literarum
2152 2959 2233 3014 iu—

297 3049 593 3122 primisque
632 3047 1007 3121 philosophiae
1049 3049 1347 3121 principio,
1403 3067 1511 3122 quo
1555 3048 1765 3102 scilicet
1806 3067 1899 3116 ea,
1953 3065 2092 3120 quae
2133 3045 2235 3105 sibi

300 3134 530 3189 adversa
560 3144 699 3202 sunt,
746 3134 1067 3208 copulentur
1107 3144 1271 3209 atque
1310 3135 1366 3188 in
1382 3124 1559 3201 ‚unum
1590 3133 1866 3208 quoddam
1888 3132 2230 3205 coniungan-

299 3231 389 3276 tur
430 3220 845 3294 discordiaeque
889 3222 1208 3276 arbitrariae
1247 3221 1449 3276 viribus
1490 3220 1563 3277 ad
1591 3240 1756 3275 unum
1782 3221 1945 3274 finem
1986 3219 2233 3274 omnibus

272 3308 518 3364 xintentis
562 3316 971 3379 componantur,
1017 3327 1123 3380 quo
1163 3317 1487 3382 argumento
1526 3307 1842 3382 humanam,
1871 3305 2234 3380 socialemque

300 3393 615 3450 felicitatem
655 3394 751 3446 niti
796 3392 940 3446 haud
983 3395 1216 3448 obscure
1258 3395 1505 3464 senserit,
1547 3391 1802 3449 laudabili
1841 3391 2076 3466 quadam
2104 3411 2236 3448 con-

304 3482 500 3536 stantia
538 3476 919 3553 perseverasse
967 3499 1197 3552 eumque
1239 3481 1410 3553 igitur
1449 3479 1656 3535 consilii
1687 3479 1824 3544 certi
1862 3494 1978 3539 non
2000 3487 2112 3537 tam
2142 3489 2236 3535 ex?-

303 3577 516 3640 pertem
544 3565 725 3636 fuisse,
757 3586 916 3640 quam
947 3566 1225 3640 permultis
1253 3566 1428 3623 visum
1455 3573 1556 3622 est.
1588 3562 1814 3641 (Jacobi
1843 3566 1937 3637 IV,
1968 3566 2026 3637 3,
2056 3562 2234 3641 402.)
