2418 3854
1090 219 1170 279 35

174 414 242 452 exv
270 395 508 470 epistolis
532 390 802 463 nonnulla,
847 413 986 468 quae
1015 394 1342 449 documento
1373 411 1497 449 esse·
1520 394 1744 469 possint,
1773 413 1878 468 qua
1907 396 2090 470 singu-

172 484 270 538 lari
300 480 562 537 sentiendi
602 476 814 559 ratione
847 486 977 534 usus
1018 481 1112 547 sit3
1157 481 1488 535 exhibuimus
1531 481 1764 555 denique
1801 499 2090 555 argumen-

171 580 285 625 tum
315 569 449 623 illius
481 569 676 640 operis,
702 575 808 640 quo
837 567 953 639 ipse
976 587 1036 620 se
1058 567 1286 639 primum
1312 587 1532 621 munere
1556 568 1832 641 scriptoris
1851 566 2091 624 functum

174 676 294 711 esse
322 663 520 722 narrat,
564 655 614 706 in
647 653 928 726 quodque,
975 673 1327 727 quaecunque
1357 655 1502 726 prius
1532 656 1728 726 passim
1760 654 2091 728 singulatim-

174 760 279 816 que
307 741 506 814 publici
545 741 673 793 iuris
703 736 934 808 fecerat,
980 740 1282 794 contulerat
1309 750 1471 813 atque
1501 750 1902 796 coaceraverat.
1937 756 1939 758 “
1989 742 2095 796 Cui

173 828 325 902 operi
354 827 521 900 priori
558 845 684 879 mox
727 822 1094 880 succedebant
1128 826 1289 880 libelli
1332 820 1673 880 alii'numero
1702 819 1915 899 plureS,
1956 847 2093 902 quos

172 913 498 970 coniunctim
538 913 714 966 editos
755 909 872 986 (H.
905 913 960 966 S.
992 913 1077 981 II,
1126 914 1322 989 102÷
1337 910 1510 988 376.)
1569 912 1950 988 „Kreuzziige
1995 913 2092 969 des

168 1000 540 1074 Philologen“
579 999 875 1071 inscripsit,
917 998 1107 1071 quibus
1138 1017 1301 1073 quum
1331 1019 1399 1053 ex
1425 995 1690 1068 tenebris),
1736 1019 1876 1072 quae
1915 1000 2092 1073 ipsum

169 1074 447 1160 hucusque
499 1084 995 1153 circumdederant,
1047 1084 1428 1159 aliquantulum
1481 1085 1841 1140 inclarescere
1881 1087 2103 1160 coepis-·

170 1182 282 1242 set,
335 1178 440 1226 non
481 1169 665 1225 facere
702 1171 904 1243 potuit,
957 1172 1080 1244 quin
1125 1172 1330 1226 consilii
1373 1180 1535 1244 atque
1574 1172 1724 1242 finis,
1766 1191 1926 1246 quem
1945 1159 2091 1228 ¹scri-

169 1258 348 1314 bendo
393 1258 606 1330 assequi
647 1258 748 1310 sibi
786 1258 1185 1330 proposuisset,
1235 1259 1499 1312 rationem
1539 1258 1812 1314 redderet.
1896 1259 2094 1315 Libelli

171 1348 313 1414 eiuS,
364 1346 454 1417 qui
499 1361 752 1398 censores
796 1345 1111 1412 extiterunt,
1154 1346 1330 1398 verbis
1371 1344 1589 1418 quidem
1629 1345 1973 1415 dissentiunt,
2029 1366 2092 1401 re

170 1432 536 1499 consentiunt,
575 1431 890 1504 inter4quos
930 1431 1376 1485 Mendelssohnus
1414 1431 1550 1485 haec
1591 1430 1661 1486 de
1700 1453 1766 1487 eo
1801 1430 2091 1504 judicavit:

171 1516 407 1594 (Briefe,
438 1517 526 1571 die
555 1524 779 1571 neueste
800 1517 908 1570 Lit.
935 1518 1071 1571 betr.
1107 1518 1286 1572 1763.
1311 1518 1399 1571 bei
1425 1518 1520 1572 Fr.
1535 1518 1748 1572 Nicolai
1777 1517 1946 1574 XVter
1966 1519 2101 1575 Thl.'.

170 1607 226 1660 S.
264 1604 418 1679 179)
474 1603 614 1672 „Da
650 1603 742 1656 Sie
773 1603 951 1657 dieses
982 1604 1231 1658 seltsame
1259 1603 1557 1658 Bandchen
1591 1601 1963 1678 (Kreuzziige
1994 1606 2092 1661 des

168 1689 583 1765 „Philologen)
631 1689 898 1743 vielleicht
937 1690 1033 1743 mit
1061 1689 1320 1744 Unwillen
1364 1687 1686 1763 wegwerfen
1716 1690 1825 1744 und
1858 1690 1945 1745 die
1978 1693 2091 1746 Ge—

168 1777 345 1849 „duld
375 1776 522 1830 nicht
553 1776 726 1829 haben
767 1775 1013 1843 werden,
1058 1775 1147 1830 die
1186 1766 1427 1831 wirk‘lich
1469 1775 1708 1831 schiinen
1751 1777 1953 1832 Stellen
1997 1798 2092 1833 aus

170 1864 546 1935 „dequste
587 1861 1114 1917 hervorzusuchen.“
1155 1863 1218 1916 In
1235 1853 1462 1916 eandem
1483 1863 1799 1918 sententiam
1825 1864 2092 1938 Hegelius

170 1952 355 2005 abiens
367 1991 382 2019 ,
427 1948 924 2023 „die—Kreuzziige
955 1949 1051 2003 des
1080 1948 1477 2022 Philologen,“
1517 1949 1687 2022 inquit
1732 1951 1962 2018 (Werke
1984 1951 2089 2006 Bd.

138 2094 140 2100 τ
170 2037 358 2102 XVII,
403 2035 459 2088 S.
494 2035 624 2110 76.)
670 2036 837 2103 „eine
867 2035 1184 2109 Sammlung
1215 2055 1315 2089 von
1349 2036 1499 2089 einer
1525 2036 1728 2110 Menge
1756 2036 1963 2091 kleiner
1990 2056 2090 2091 un-

168 2120 844 2195 „zusammenha‘ngender
871 2119 1152 2189 Aufsa'tze,
1199 2120 1365 2175 deren
1397 2121 1486 2176 die
1515 2123 1740 2176 meisten
1769 2122 1896 2177 sehr
1923 2125 2091 2179 unbe-

169 2207 470 2280 „deutend,
502 2207 652 2261 darin
686 2208 827 2262 doch
859 2209 1038 2282 einige
1067 2208 1267 2262 Perlen
1308 2207 1482 2262 sind.“
1549 2208 1975 2281 Praeceptorem
2006 2227 2091 2264 se-

172 2305 326 2352 cutus
354 2294 691 2348 Micheletius
738 2294 973 2369 (Gesch.
1005 2294 1055 2348 d.
1086 2294 1188 2348 Ph.
1218 2295 1275 2362 I,
1321 2293 1489 2370 304)
1521 2295 1846 2350 mentionem
1878 2314 2093 2370 quoque

171 2383 327 2436 huius
356 2381 518 2435 libelli
557 2381 797 2435 iniiciens
829 2378 941 2435 aliis
983 2401 1134 2450 eum,
1181 2381 1272 2454 qui
1311 2383 1715 2436 commemorati
1754 2390 1877 2437 sunt
1915 2382 2092 2451 addit3

173 2468 356 2543 quanti
385 2475 563 2522 autem
593 2467 663 2521 ad
708 2468 941 2521 omnium
969 2467 1240 2521 Hamanni
1284 2485 1510 2540 operum
1554 2468 1832 2538 consilium
1874 2471 2088 2542 penitus

167 2543 604 2629 perspiciendum
634 2555 890 2609 momenti
918 2555 1003 2624 sit,
1050 2563 1106 2608 ut
1136 2574 1202 2608 ex
1231 2555 1574 2628 sequentibus
1605 2565 1856 2629 apparet,
1889 2557 2092 2630 optime

172 2640 495 2696 intellexisse
530 2640 759 2696 videtur.

291 2728 558 2781 Gervinus
589 2727 819 2801 denique
852 2746 917 2781 ex
946 2726 1035 2780 illo
1073 2722 1190 2781 fere
1230 2727 1346 2780 solo
1386 2726 1763 2782 deducendum
1792 2736 1946 2801 putat
1976 2747 2089 2783 om-

173 2815 348 2882 nium,
393 2833 531 2886 quae
559 2815 874 2867 Hamannus
902 2814 1231 2887 praestiterit
1269 2812 1472 2868 fontem
1504 2822 1560 2868 et
1589 2815 1870 2890 originem.
1928 2815 2091 2877 Quod

177 2910 356 2955 autem
386 2901 758 2972 gravissimum
789 2909 894 2968 est,
940 2901 1283 2969 HamannUS,
1327 2900 1383 2954 id
1427 2900 1574 2974 quod
1613 2920 1774 2973 supra
1816 2903 2088 2974 significa—

177 2990 346 3041 vimus
359 3027 374 3055 ,
418 2987 525 3040 hoc
552 2986 689 3039 libro
721 2985 898 3054 edito,
942 3005 1105 3059 quum
1142 2987 1316 3060 magis
1354 2988 1693 3054 innotuisset,
1739 2995 1898 3059 atque
1930 2996 1987 3042 ut
2014 2988 2090 3042 ita

179 3073 371 3142 dicam,
414 3090 646 3146 persona
674 3072 888 3145 publica
914 3069 1089 3126 factus
1119 3081 1287 3140 esset,
1318 3069 1587 3126 scribendi
1618 3072 1891 3128 consilium
1924 3074 2089 3147 expli-

182 3179 307 3214 care
351 3179 416 3214 ac
457 3159 646 3212 relicta
690 3177 849 3231 quam
892 3167 1049 3212 antea
1108 3165 1356 3231 gesserat
1409 3159 1518 3212 vita
1559 3158 1791 3231 privata,
1848 3160 2089 3234 publicas

183 3244 438 3317 quasdam
466 3254 648 3317 partes
677 3245 953 3317 suscipere
983 3254 1203 3298 coactus
1234 3252 1331 3298 est.
1387 3241 1494 3317 (H.
1526 3245 1581 3299 S.
1611 3245 1726 3313 III,
1761 3246 1931 3323 127.)

297 3331 437 3384 Cum
463 3332 664 3386 Kantio
694 3330 919 3385 vidimus
949 3328 1064 3402 jam
1106 3330 1172 3383 ab
1202 3330 1352 3383 initio
1384 3331 1671 3385 convenire
1699 3348 1805 3385 non
1833 3334 2089 3405 potuisse,

183 3413 528 3490 quapropter
554 3436 714 3491 quum
760 3425 814 3472 et
858 3436 889 3470 a
930 3407 1345 3471 Mendelssolino
1391 3422 1449 3471 et
1487 3437 1519 3470 a
1560 3418 1807 3472 Nicolaio
1848 3419 2090 3473 Berolini

186 3503 634 3564 commorantibus
677 3501 747 3558 ad
775 3503 1092 3558 societatem
1115 3523 1245 3580 xcum
1282 3503 1409 3576 ipsis
1449 3503 1733 3557 ineundam
1791 3523 1854 3559 ac
1904 3504 2086 3559 literas

186 3588 509 3643 coniunctim
549 3590 855 3645 tractandas
896 3588 1210 3664 libellosque
1258 3588 1518 3663 quosdam
1558 3589 1796 3643 edendos
1839 3591 2086 3646 invitatus

1561 3676 1628 3728 3*
