<?xml version="1.0" encoding="UTF-8"?>
<!DOCTYPE html PUBLIC "-//W3C//DTD XHTML 1.0 Transitional//EN"
    "http://www.w3.org/TR/xhtml1/DTD/xhtml1-transitional.dtd">
<html xmlns="http://www.w3.org/1999/xhtml" xml:lang="en" lang="en">
 <head>
  <title>
</title>
<meta http-equiv="Content-Type" content="text/html;charset=utf-8" />
  <meta name='ocr-system' content='tesseract 3.04.00' />
  <meta name='ocr-capabilities' content='ocr_page ocr_carea ocr_par ocr_line ocrx_word'/>
</head>
<body>
  <div class='ocr_page' id='page_1' title='image "./dehamannivitaets00baue_0019.png"; bbox 0 0 2418 3854; ppageno 0'>
   <div class='ocr_carea' id='block_1_1' title="bbox 1116 183 1191 244">
    <p class='ocr_par' dir='ltr' id='par_1_1' title="bbox 1116 183 1191 244">
     <span class='ocr_line' id='line_1_1' title="bbox 1116 183 1191 244; baseline 0 0"><span class='ocrx_word' id='word_1_1' title='bbox 1116 183 1191 244; x_wconf 70' lang='lat'><strong>15</strong></span> 
     </span>
    </p>
   </div>
   <div class='ocr_carea' id='block_1_2' title="bbox 180 359 2116 2168">
    <p class='ocr_par' dir='ltr' id='par_1_2' title="bbox 187 359 2113 616">
     <span class='ocr_line' id='line_1_2' title="bbox 189 359 2110 444; baseline -0.002 -21"><span class='ocrx_word' id='word_1_2' title='bbox 189 387 347 444; x_wconf 86' lang='lat' dir='ltr'><strong>quam</strong></span> <span class='ocrx_word' id='word_1_3' title='bbox 377 368 432 422; x_wconf 87' lang='lat' dir='ltr'><strong>in</strong></span> <span class='ocrx_word' id='word_1_4' title='bbox 461 365 569 420; x_wconf 81' lang='lat' dir='ltr'><strong>vita</strong></span> <span class='ocrx_word' id='word_1_5' title='bbox 597 383 630 417; x_wconf 91' lang='lat' dir='ltr'><strong>a</strong></span> <span class='ocrx_word' id='word_1_6' title='bbox 660 382 789 418; x_wconf 86' lang='lat' dir='ltr'><strong>vero</strong></span> <span class='ocrx_word' id='word_1_7' title='bbox 819 372 1076 436; x_wconf 89' lang='lat' dir='ltr'><strong>tanquam</strong></span> <span class='ocrx_word' id='word_1_8' title='bbox 1115 381 1148 414; x_wconf 88' lang='lat' dir='ltr'><strong>a</strong></span> <span class='ocrx_word' id='word_1_9' title='bbox 1187 363 1766 435; x_wconf 67' lang='lat' dir='ltr'><strong>grege·÷aberrantem;</strong></span> <span class='ocrx_word' id='word_1_10' title='bbox 1807 359 1945 436; x_wconf 88' lang='lat' dir='ltr'><strong>(III,</strong></span> <span class='ocrx_word' id='word_1_11' title='bbox 1978 363 2110 440; x_wconf 88' lang='grc'>77.)</span> 
     </span>
     <span class='ocr_line' id='line_1_3' title="bbox 187 447 2113 529; baseline -0.003 -19"><span class='ocrx_word' id='word_1_12' title='bbox 187 474 363 529; x_wconf 89' lang='lat' dir='ltr'><strong>neque</strong></span> <span class='ocrx_word' id='word_1_13' title='bbox 385 454 522 508; x_wconf 90' lang='lat' dir='ltr'><strong>haec</strong></span> <span class='ocrx_word' id='word_1_14' title='bbox 543 449 885 505; x_wconf 87' lang='lat' dir='ltr'><strong>incommoda</strong></span> <span class='ocrx_word' id='word_1_15' title='bbox 908 449 1298 521; x_wconf 80' lang='lat' dir='ltr'><strong>reparabantur</strong></span> <span class='ocrx_word' id='word_1_16' title='bbox 1317 458 1372 501; x_wconf 89' lang='lat' dir='ltr'><strong>et</strong></span> <span class='ocrx_word' id='word_1_17' title='bbox 1394 448 1729 502; x_wconf 85' lang='lat' dir='ltr'><strong>leniebantur</strong></span> <span class='ocrx_word' id='word_1_18' title='bbox 1750 450 1857 502; x_wconf 81' lang='lat' dir='ltr'><strong>vita</strong></span> <span class='ocrx_word' id='word_1_19' title='bbox 1878 447 2113 522; x_wconf 86' lang='lat' dir='ltr'><strong>publica,</strong></span> 
     </span>
     <span class='ocr_line' id='line_1_4' title="bbox 187 534 2112 616; baseline -0.003 -20"><span class='ocrx_word' id='word_1_20' title='bbox 187 542 232 596; x_wconf 90' lang='lat' dir='ltr'><strong>si</strong></span> <span class='ocrx_word' id='word_1_21' title='bbox 251 540 466 616; x_wconf 89' lang='lat' dir='ltr'><strong>quidem</strong></span> <span class='ocrx_word' id='word_1_22' title='bbox 495 548 725 610; x_wconf 76' lang='lat' dir='ltr'><strong>tempUS,</strong></span> <span class='ocrx_word' id='word_1_23' title='bbox 748 555 856 610; x_wconf 90' lang='lat' dir='ltr'><strong>quo</strong></span> <span class='ocrx_word' id='word_1_24' title='bbox 886 535 1088 608; x_wconf 83' lang='lat' dir='ltr'><strong>scripta</strong></span> <span class='ocrx_word' id='word_1_25' title='bbox 1117 553 1214 588; x_wconf 85' lang='lat' dir='ltr'><strong>sua</strong></span> <span class='ocrx_word' id='word_1_26' title='bbox 1242 534 1499 606; x_wconf 82' lang='lat' dir='ltr'><strong>vulgavit,</strong></span> <span class='ocrx_word' id='word_1_27' title='bbox 1529 536 1646 588; x_wconf 88' lang='lat' dir='ltr'><strong>iure</strong></span> <span class='ocrx_word' id='word_1_28' title='bbox 1674 535 1753 589; x_wconf 83' lang='lat' dir='ltr'><strong>ita</strong></span> <span class='ocrx_word' id='word_1_29' title='bbox 1778 535 1885 589; x_wconf 90' lang='lat' dir='ltr'><strong>dici</strong></span> <span class='ocrx_word' id='word_1_30' title='bbox 1914 545 2112 608; x_wconf 87' lang='lat' dir='ltr'><strong>potest.</strong></span> 
     </span>
    </p>

    <p class='ocr_par' dir='ltr' id='par_1_3' title="bbox 183 620 2116 1304">
     <span class='ocr_line' id='line_1_5' title="bbox 303 620 2113 698; baseline -0.002 -18"><span class='ocrx_word' id='word_1_31' title='bbox 303 627 519 698; x_wconf 82' lang='lat' dir='ltr'>Scripta</span> <span class='ocrx_word' id='word_1_32' title='bbox 548 625 662 677; x_wconf 88' lang='lat' dir='ltr'><strong>eius</strong></span> <span class='ocrx_word' id='word_1_33' title='bbox 693 643 725 676; x_wconf 89' lang='lat' dir='ltr'><strong>a</strong></span> <span class='ocrx_word' id='word_1_34' title='bbox 753 622 1026 696; x_wconf 89' lang='lat' dir='ltr'><strong>plerisque</strong></span> <span class='ocrx_word' id='word_1_35' title='bbox 1055 620 1366 694; x_wconf 83' lang='lat' dir='ltr'><strong>aequalibus</strong></span> <span class='ocrx_word' id='word_1_36' title='bbox 1408 640 1475 674; x_wconf 86' lang='lat' dir='ltr'><strong>ex</strong></span> <span class='ocrx_word' id='word_1_37' title='bbox 1515 630 1670 692; x_wconf 89' lang='lat' dir='ltr'><strong>parte</strong></span> <span class='ocrx_word' id='word_1_38' title='bbox 1710 629 1771 675; x_wconf 91' lang='lat' dir='ltr'><strong>ut</strong></span> <span class='ocrx_word' id='word_1_39' title='bbox 1799 622 1866 675; x_wconf 90' lang='lat' dir='ltr'><strong>ab</strong></span> <span class='ocrx_word' id='word_1_40' title='bbox 1896 620 2113 677; x_wconf 89' lang='lat' dir='ltr'><strong>homine</strong></span> 
     </span>
     <span class='ocr_line' id='line_1_6' title="bbox 189 707 2113 784; baseline -0.003 -16"><span class='ocrx_word' id='word_1_41' title='bbox 189 714 441 769; x_wconf 85' lang='lat' dir='ltr'><strong>entheato</strong></span> <span class='ocrx_word' id='word_1_42' title='bbox 472 708 735 784; x_wconf 85' lang='lat' dir='ltr'><strong>profecta,</strong></span> <span class='ocrx_word' id='word_1_43' title='bbox 766 729 832 763; x_wconf 88' lang='lat' dir='ltr'><strong>ex</strong></span> <span class='ocrx_word' id='word_1_44' title='bbox 860 717 1017 781; x_wconf 87' lang='lat' dir='ltr'><strong>parte</strong></span> <span class='ocrx_word' id='word_1_45' title='bbox 1047 707 1396 780; x_wconf 84' lang='lat' dir='ltr'>contemptim</span> <span class='ocrx_word' id='word_1_46' title='bbox 1425 708 1856 779; x_wconf 83' lang='lat' dir='ltr'><strong>accipiebantur,</strong></span> <span class='ocrx_word' id='word_1_47' title='bbox 1884 708 2032 763; x_wconf 80' lang='lat' dir='ltr'><strong>velut</strong></span> <span class='ocrx_word' id='word_1_48' title='bbox 2059 710 2113 763; x_wconf 91' lang='lat' dir='ltr'><strong>in</strong></span> 
     </span>
     <span class='ocr_line' id='line_1_7' title="bbox 186 792 2113 870; baseline -0.003 -15"><span class='ocrx_word' id='word_1_49' title='bbox 186 799 544 855; x_wconf 84' lang='lat' dir='ltr'><strong>vetustissima</strong></span> <span class='ocrx_word' id='word_1_50' title='bbox 574 795 806 870; x_wconf 89' lang='lat' dir='ltr'><strong>quadam</strong></span> <span class='ocrx_word' id='word_1_51' title='bbox 836 792 1184 868; x_wconf 81' lang='lat' dir='ltr'><strong>ephemeride</strong></span> <span class='ocrx_word' id='word_1_52' title='bbox 1223 810 1473 848; x_wconf 87' lang='lat' dir='ltr'><strong>severum</strong></span> <span class='ocrx_word' id='word_1_53' title='bbox 1502 793 1638 861; x_wconf 86' lang='lat' dir='ltr'><strong>hoc,</strong></span> <span class='ocrx_word' id='word_1_54' title='bbox 1668 795 1930 868; x_wconf 91' lang='lat' dir='ltr'><strong>simulque</strong></span> <span class='ocrx_word' id='word_1_55' title='bbox 1958 796 2113 868; x_wconf 84' lang='lat' dir='ltr'><strong>inep-</strong></span> 
     </span>
     <span class='ocr_line' id='line_1_8' title="bbox 184 879 2113 958; baseline -0.003 -17"><span class='ocrx_word' id='word_1_56' title='bbox 184 895 311 941; x_wconf 51' lang='lat' dir='ltr'><strong>tum¹</strong></span> <span class='ocrx_word' id='word_1_57' title='bbox 326 884 599 958; x_wconf 83' lang='lat' dir='ltr'><strong>reperitur</strong></span> <span class='ocrx_word' id='word_1_58' title='bbox 619 882 875 936; x_wconf 88' lang='lat' dir='ltr'><strong>iudicium</strong></span> <span class='ocrx_word' id='word_1_59' title='bbox 888 879 970 956; x_wconf 87' lang='lat'><strong>:*)</strong></span> <span class='ocrx_word' id='word_1_60' title='bbox 1003 881 1184 949; x_wconf 87' lang='lat' dir='ltr'><strong>„Kein</strong></span> <span class='ocrx_word' id='word_1_61' title='bbox 1203 880 1516 953; x_wconf 86' lang='lat' dir='ltr'><strong>Alchymist,</strong></span> <span class='ocrx_word' id='word_1_62' title='bbox 1541 880 1666 944; x_wconf 89' lang='lat' dir='ltr'><strong>kein</strong></span> <span class='ocrx_word' id='word_1_63' title='bbox 1686 881 1861 935; x_wconf 84' lang='lat' dir='ltr'><strong>Jacob</strong></span> <span class='ocrx_word' id='word_1_64' title='bbox 1882 882 2113 952; x_wconf 74' lang='lat' dir='ltr'><strong>Biihme,</strong></span> 
     </span>
     <span class='ocr_line' id='line_1_9' title="bbox 185 967 2112 1041; baseline -0.002 -15"><span class='ocrx_word' id='word_1_65' title='bbox 185 973 312 1027; x_wconf 89' lang='lat' dir='ltr'><strong>kein</strong></span> <span class='ocrx_word' id='word_1_66' title='bbox 353 969 752 1041; x_wconf 82' lang='lat' dir='ltr'><strong>wahnwitziger</strong></span> <span class='ocrx_word' id='word_1_67' title='bbox 792 967 1134 1022; x_wconf 66' lang='lat' dir='ltr'><strong>Schwarmer</strong></span> <span class='ocrx_word' id='word_1_68' title='bbox 1162 967 1304 1020; x_wconf 89' lang='lat' dir='ltr'><strong>kann</strong></span> <span class='ocrx_word' id='word_1_69' title='bbox 1333 967 1727 1040; x_wconf 80' lang='lat' dir='ltr'><strong>unsinnigereS,</strong></span> <span class='ocrx_word' id='word_1_70' title='bbox 1757 967 2112 1024; x_wconf 65' lang='lat' dir='ltr'><strong>unverstiind—</strong></span> 
     </span>
     <span class='ocr_line' id='line_1_10' title="bbox 184 1051 2113 1127; baseline -0.002 -14"><span class='ocrx_word' id='word_1_71' title='bbox 184 1058 415 1113; x_wconf 88' lang='lat' dir='ltr'><strong>licheres</strong></span> <span class='ocrx_word' id='word_1_72' title='bbox 425 1057 586 1127; x_wconf 85' lang='lat' dir='ltr'><strong>Zeug</strong></span> <span class='ocrx_word' id='word_1_73' title='bbox 611 1053 780 1108; x_wconf 89' lang='lat' dir='ltr'><strong>reden</strong></span> <span class='ocrx_word' id='word_1_74' title='bbox 803 1052 915 1107; x_wconf 90' lang='lat' dir='ltr'><strong>und</strong></span> <span class='ocrx_word' id='word_1_75' title='bbox 931 1053 1213 1107; x_wconf 87' lang='lat' dir='ltr'><strong>schreiben</strong></span> <span class='ocrx_word' id='word_1_76' title='bbox 1228 1055 1279 1107; x_wconf 80' lang='lat'><strong>!“</strong></span> <span class='ocrx_word' id='word_1_77' title='bbox 1308 1054 1555 1126; x_wconf 91' lang='lat' dir='ltr'><strong>Ineptam</strong></span> <span class='ocrx_word' id='word_1_78' title='bbox 1578 1051 1807 1108; x_wconf 87' lang='lat' dir='ltr'><strong>diximus</strong></span> <span class='ocrx_word' id='word_1_79' title='bbox 1829 1053 1968 1108; x_wconf 90' lang='lat' dir='ltr'><strong>hanc</strong></span> <span class='ocrx_word' id='word_1_80' title='bbox 1990 1070 2113 1109; x_wconf 75' lang='lat' dir='ltr'><strong>sen-</strong></span> 
     </span>
     <span class='ocr_line' id='line_1_11' title="bbox 183 1139 2116 1214; baseline -0.002 -14"><span class='ocrx_word' id='word_1_81' title='bbox 183 1145 405 1200; x_wconf 90' lang='lat' dir='ltr'><strong>tentiam</strong></span> <span class='ocrx_word' id='word_1_82' title='bbox 435 1150 491 1195; x_wconf 94' lang='lat' dir='ltr'><strong>et</strong></span> <span class='ocrx_word' id='word_1_83' title='bbox 517 1150 698 1195; x_wconf 87' lang='lat' dir='ltr'><strong>tamen</strong></span> <span class='ocrx_word' id='word_1_84' title='bbox 727 1141 956 1194; x_wconf 83' lang='lat' dir='ltr'><strong>maxime</strong></span> <span class='ocrx_word' id='word_1_85' title='bbox 986 1139 1264 1214; x_wconf 83' lang='lat' dir='ltr'><strong>divulgata</strong></span> <span class='ocrx_word' id='word_1_86' title='bbox 1294 1149 1430 1209; x_wconf 88' lang='lat' dir='ltr'><strong>erat,</strong></span> <span class='ocrx_word' id='word_1_87' title='bbox 1461 1159 1621 1214; x_wconf 87' lang='lat' dir='ltr'><strong>quam</strong></span> <span class='ocrx_word' id='word_1_88' title='bbox 1642 1148 1738 1207; x_wconf 86' lang='lat' dir='ltr'><strong>aut</strong></span> <span class='ocrx_word' id='word_1_89' title='bbox 1758 1159 1999 1214; x_wconf 82' lang='lat' dir='ltr'><strong>prorsuS‚</strong></span> <span class='ocrx_word' id='word_1_90' title='bbox 2022 1150 2116 1197; x_wconf 87' lang='lat' dir='ltr'><strong>aut</strong></span> 
     </span>
     <span class='ocr_line' id='line_1_12' title="bbox 185 1227 1086 1304; baseline -0.006 -18"><span class='ocrx_word' id='word_1_91' title='bbox 185 1251 253 1286; x_wconf 90' lang='lat' dir='ltr'><strong>ex</strong></span> <span class='ocrx_word' id='word_1_92' title='bbox 278 1237 436 1304; x_wconf 88' lang='lat' dir='ltr'><strong>parte</strong></span> <span class='ocrx_word' id='word_1_93' title='bbox 450 1227 676 1300; x_wconf 87' lang='lat' dir='ltr'><strong>plurimi</strong></span> <span class='ocrx_word' id='word_1_94' title='bbox 705 1227 1086 1300; x_wconf 85' lang='lat' dir='ltr'><strong>sequebantur.</strong></span> 
     </span>
    </p>

    <p class='ocr_par' dir='ltr' id='par_1_4' title="bbox 180 1312 2115 2168">
     <span class='ocr_line' id='line_1_13' title="bbox 247 1312 2114 1387; baseline -0.001 -18"><span class='ocrx_word' id='word_1_95' title='bbox 247 1337 251 1339; x_wconf 56' lang='grc'><strong>’</strong></span> <span class='ocrx_word' id='word_1_96' title='bbox 309 1317 432 1371; x_wconf 88' lang='lat' dir='ltr'><strong>Jam</strong></span> <span class='ocrx_word' id='word_1_97' title='bbox 461 1333 592 1376; x_wconf 60' lang='lat' dir='ltr'><strong>xero</strong></span> <span class='ocrx_word' id='word_1_98' title='bbox 624 1333 747 1368; x_wconf 93' lang='lat' dir='ltr'><strong>cum</strong></span> <span class='ocrx_word' id='word_1_99' title='bbox 784 1314 982 1367; x_wconf 87' lang='lat' dir='ltr'><strong>nostris</strong></span> <span class='ocrx_word' id='word_1_100' title='bbox 1012 1312 1152 1367; x_wconf 91' lang='lat' dir='ltr'><strong>adeo</strong></span> <span class='ocrx_word' id='word_1_101' title='bbox 1191 1313 1525 1385; x_wconf 83' lang='lat' dir='ltr'><strong>temporibus</strong></span> <span class='ocrx_word' id='word_1_102' title='bbox 1555 1313 1687 1382; x_wconf 86' lang='lat' dir='ltr'><strong>sint,</strong></span> <span class='ocrx_word' id='word_1_103' title='bbox 1726 1332 1958 1387; x_wconf 88' lang='lat' dir='ltr'><strong>quorum</strong></span> <span class='ocrx_word' id='word_1_104' title='bbox 2000 1315 2114 1368; x_wconf 85' lang='lat' dir='ltr'><strong>ani-</strong></span> 
     </span>
     <span class='ocr_line' id='line_1_14' title="bbox 183 1397 2114 1476; baseline -0.002 -19"><span class='ocrx_word' id='word_1_105' title='bbox 183 1403 283 1458; x_wconf 85' lang='lat' dir='ltr'><strong>mis</strong></span> <span class='ocrx_word' id='word_1_106' title='bbox 312 1401 566 1476; x_wconf 91' lang='lat' dir='ltr'><strong>quoniam</strong></span> <span class='ocrx_word' id='word_1_107' title='bbox 593 1400 694 1454; x_wconf 91' lang='lat' dir='ltr'><strong>toti</strong></span> <span class='ocrx_word' id='word_1_108' title='bbox 723 1399 962 1472; x_wconf 89' lang='lat' dir='ltr'><strong>pendent</strong></span> <span class='ocrx_word' id='word_1_109' title='bbox 990 1400 1057 1453; x_wconf 90' lang='lat' dir='ltr'><strong>ab</strong></span> <span class='ocrx_word' id='word_1_110' title='bbox 1088 1400 1314 1453; x_wconf 89' lang='lat' dir='ltr'><strong>aliorum</strong></span> <span class='ocrx_word' id='word_1_111' title='bbox 1334 1397 1562 1472; x_wconf 79' lang='lat' dir='ltr'><strong>judicic,</strong></span> <span class='ocrx_word' id='word_1_112' title='bbox 1593 1419 1624 1453; x_wconf 91' lang='lat' dir='ltr'><strong>e</strong></span> <span class='ocrx_word' id='word_1_113' title='bbox 1649 1400 1909 1454; x_wconf 86' lang='lat' dir='ltr'><strong>nebulosa</strong></span> <span class='ocrx_word' id='word_1_114' title='bbox 1937 1401 2114 1455; x_wconf 88' lang='lat' dir='ltr'><strong>incer-</strong></span> 
     </span>
     <span class='ocr_line' id='line_1_15' title="bbox 181 1486 2113 1563; baseline -0.002 -19"><span class='ocrx_word' id='word_1_115' title='bbox 181 1499 346 1563; x_wconf 82' lang='lat' dir='ltr'><strong>taque</strong></span> <span class='ocrx_word' id='word_1_116' title='bbox 375 1487 767 1561; x_wconf 80' lang='lat' dir='ltr'><strong>longinquitate</strong></span> <span class='ocrx_word' id='word_1_117' title='bbox 795 1486 929 1540; x_wconf 88' lang='lat' dir='ltr'><strong>tales</strong></span> <span class='ocrx_word' id='word_1_118' title='bbox 960 1487 1315 1540; x_wconf 89' lang='lat' dir='ltr'><strong>obversentur</strong></span> <span class='ocrx_word' id='word_1_119' title='bbox 1362 1487 1671 1559; x_wconf 83' lang='lat' dir='ltr'><strong>opinioneS,</strong></span> <span class='ocrx_word' id='word_1_120' title='bbox 1711 1495 1772 1541; x_wconf 92' lang='lat' dir='ltr'><strong>ut</strong></span> <span class='ocrx_word' id='word_1_121' title='bbox 1801 1487 1985 1541; x_wconf 87' lang='lat' dir='ltr'><strong>audito</strong></span> <span class='ocrx_word' id='word_1_122' title='bbox 2015 1504 2113 1541; x_wconf 85' lang='lat' dir='ltr'><strong>no-</strong></span> 
     </span>
     <span class='ocr_line' id='line_1_16' title="bbox 182 1566 2112 1646; baseline -0.001 -16"><span class='ocrx_word' id='word_1_123' title='bbox 182 1577 326 1631; x_wconf 89' lang='lat' dir='ltr'><strong>mine</strong></span> <span class='ocrx_word' id='word_1_124' title='bbox 365 1574 638 1629; x_wconf 91' lang='lat' dir='ltr'><strong>Hamanni</strong></span> <span class='ocrx_word' id='word_1_125' title='bbox 677 1566 864 1626; x_wconf 82' lang='lat' dir='ltr'><strong>omnes</strong></span> <span class='ocrx_word' id='word_1_126' title='bbox 901 1572 1242 1646; x_wconf 86' lang='lat' dir='ltr'><strong>mysticismi,</strong></span> <span class='ocrx_word' id='word_1_127' title='bbox 1282 1591 1443 1646; x_wconf 91' lang='lat' dir='ltr'><strong>quem</strong></span> <span class='ocrx_word' id='word_1_128' title='bbox 1485 1572 1696 1641; x_wconf 82' lang='lat' dir='ltr'><strong>dicunt,</strong></span> <span class='ocrx_word' id='word_1_129' title='bbox 1737 1592 1954 1627; x_wconf 86' lang='lat' dir='ltr'><strong>errores</strong></span> <span class='ocrx_word' id='word_1_130' title='bbox 1994 1586 2112 1628; x_wconf 86' lang='lat' dir='ltr'><strong>tan·</strong></span> 
     </span>
     <span class='ocr_line' id='line_1_17' title="bbox 183 1656 2114 1737; baseline -0.001 -21"><span class='ocrx_word' id='word_1_131' title='bbox 183 1681 344 1737; x_wconf 89' lang='lat' dir='ltr'><strong>quam</strong></span> <span class='ocrx_word' id='word_1_132' title='bbox 371 1661 674 1732; x_wconf 85' lang='lat' dir='ltr'><strong>irrumpere</strong></span> <span class='ocrx_word' id='word_1_133' title='bbox 704 1659 1015 1732; x_wconf 75' lang='lat' dir='ltr'><strong>opinentur,</strong></span> <span class='ocrx_word' id='word_1_134' title='bbox 1047 1678 1251 1731; x_wconf 87' lang='lat' dir='ltr'><strong>operae</strong></span> <span class='ocrx_word' id='word_1_135' title='bbox 1291 1659 1523 1731; x_wconf 89' lang='lat' dir='ltr'><strong>pretium</strong></span> <span class='ocrx_word' id='word_1_136' title='bbox 1565 1677 1664 1711; x_wconf 90' lang='lat' dir='ltr'><strong>nos</strong></span> <span class='ocrx_word' id='word_1_137' title='bbox 1708 1656 1950 1713; x_wconf 86' lang='lat' dir='ltr'><strong>facturos</strong></span> <span class='ocrx_word' id='word_1_138' title='bbox 1992 1678 2114 1714; x_wconf 86' lang='lat' dir='ltr'><strong>esse</strong></span> 
     </span>
     <span class='ocr_line' id='line_1_18' title="bbox 184 1742 2115 1818; baseline -0.002 -14"><span class='ocrx_word' id='word_1_139' title='bbox 184 1760 465 1804; x_wconf 86' lang='lat' dir='ltr'><strong>censemus</strong></span> <span class='ocrx_word' id='word_1_140' title='bbox 495 1747 540 1800; x_wconf 90' lang='lat' dir='ltr'><strong>si</strong></span> <span class='ocrx_word' id='word_1_141' title='bbox 568 1746 709 1800; x_wconf 89' lang='lat' dir='ltr'><strong>hanc</strong></span> <span class='ocrx_word' id='word_1_142' title='bbox 739 1746 1072 1818; x_wconf 76' lang='lat' dir='ltr'><strong>opinionem,</strong></span> <span class='ocrx_word' id='word_1_143' title='bbox 1102 1753 1163 1799; x_wconf 92' lang='lat' dir='ltr'><strong>ut</strong></span> <span class='ocrx_word' id='word_1_144' title='bbox 1193 1742 1535 1798; x_wconf 85' lang='lat' dir='ltr'><strong>formidinem</strong></span> <span class='ocrx_word' id='word_1_145' title='bbox 1574 1745 1717 1798; x_wconf 90' lang='lat' dir='ltr'><strong>mala</strong></span> <span class='ocrx_word' id='word_1_146' title='bbox 1755 1745 2115 1801; x_wconf 70' lang='lat' dir='ltr'><strong>calamitates⁴</strong></span> 
     </span>
     <span class='ocr_line' id='line_1_19' title="bbox 182 1831 2113 1910; baseline -0.002 -21"><span class='ocrx_word' id='word_1_147' title='bbox 182 1855 288 1910; x_wconf 92' lang='lat' dir='ltr'><strong>que</strong></span> <span class='ocrx_word' id='word_1_148' title='bbox 319 1834 643 1888; x_wconf 84' lang='lat' dir='ltr'><strong>excitantem</strong></span> <span class='ocrx_word' id='word_1_149' title='bbox 671 1833 858 1905; x_wconf 90' lang='lat' dir='ltr'><strong>paucis</strong></span> <span class='ocrx_word' id='word_1_150' title='bbox 896 1831 1102 1904; x_wconf 88' lang='lat' dir='ltr'><strong>pellere</strong></span> <span class='ocrx_word' id='word_1_151' title='bbox 1131 1849 1407 1886; x_wconf 87' lang='lat' dir='ltr'><strong>conemur.</strong></span> <span class='ocrx_word' id='word_1_152' title='bbox 1494 1832 1637 1886; x_wconf 91' lang='lat' dir='ltr'><strong>Nam</strong></span> <span class='ocrx_word' id='word_1_153' title='bbox 1667 1831 1741 1901; x_wconf 89' lang='lat' dir='ltr'><strong>si,</strong></span> <span class='ocrx_word' id='word_1_154' title='bbox 1772 1832 1919 1906; x_wconf 91' lang='lat' dir='ltr'><strong>quod</strong></span> <span class='ocrx_word' id='word_1_155' title='bbox 1948 1833 2113 1908; x_wconf 80' lang='lat' dir='ltr'><strong>vulgo</strong></span> 
     </span>
     <span class='ocr_line' id='line_1_20' title="bbox 180 1918 2114 1995; baseline -0.001 -19"><span class='ocrx_word' id='word_1_156' title='bbox 180 1921 493 1995; x_wconf 87' lang='lat' dir='ltr'><strong>mysticismi</strong></span> <span class='ocrx_word' id='word_1_157' title='bbox 522 1919 740 1973; x_wconf 89' lang='lat' dir='ltr'><strong>nomine</strong></span> <span class='ocrx_word' id='word_1_158' title='bbox 769 1919 1123 1992; x_wconf 85' lang='lat' dir='ltr'><strong>significatur,</strong></span> <span class='ocrx_word' id='word_1_159' title='bbox 1153 1918 1206 1972; x_wconf 91' lang='lat' dir='ltr'><strong>in</strong></span> <span class='ocrx_word' id='word_1_160' title='bbox 1237 1938 1303 1972; x_wconf 91' lang='lat' dir='ltr'><strong>eo</strong></span> <span class='ocrx_word' id='word_1_161' title='bbox 1335 1918 1569 1991; x_wconf 90' lang='lat' dir='ltr'><strong>positum</strong></span> <span class='ocrx_word' id='word_1_162' title='bbox 1601 1922 1789 1987; x_wconf 79' lang='lat' dir='ltr'><strong>est,&#39;ut</strong></span> <span class='ocrx_word' id='word_1_163' title='bbox 1815 1919 1998 1989; x_wconf 86' lang='lat' dir='ltr'><strong>homo,</strong></span> <span class='ocrx_word' id='word_1_164' title='bbox 2022 1922 2114 1994; x_wconf 90' lang='lat' dir='ltr'><strong>qui</strong></span> 
     </span>
     <span class='ocr_line' id='line_1_21' title="bbox 183 2004 2112 2079; baseline -0.001 -17"><span class='ocrx_word' id='word_1_165' title='bbox 183 2007 428 2062; x_wconf 86' lang='lat' dir='ltr'><strong>omnibus</strong></span> <span class='ocrx_word' id='word_1_166' title='bbox 455 2007 656 2060; x_wconf 84' lang='lat' dir='ltr'><strong>viribus</strong></span> <span class='ocrx_word' id='word_1_167' title='bbox 686 2025 786 2078; x_wconf 91' lang='lat' dir='ltr'><strong>pro</strong></span> <span class='ocrx_word' id='word_1_168' title='bbox 818 2005 979 2058; x_wconf 89' lang='lat' dir='ltr'><strong>animi</strong></span> <span class='ocrx_word' id='word_1_169' title='bbox 1006 2014 1199 2059; x_wconf 90' lang='lat' dir='ltr'><strong>natura</strong></span> <span class='ocrx_word' id='word_1_170' title='bbox 1228 2005 1462 2073; x_wconf 90' lang='lat' dir='ltr'><strong>enititur,</strong></span> <span class='ocrx_word' id='word_1_171' title='bbox 1494 2014 1551 2059; x_wconf 95' lang='lat' dir='ltr'><strong>ut</strong></span> <span class='ocrx_word' id='word_1_172' title='bbox 1578 2004 1652 2074; x_wconf 91' lang='lat' dir='ltr'><strong>id,</strong></span> <span class='ocrx_word' id='word_1_173' title='bbox 1684 2005 1832 2079; x_wconf 90' lang='lat' dir='ltr'><strong>quod</strong></span> <span class='ocrx_word' id='word_1_174' title='bbox 1862 2016 1946 2061; x_wconf 90' lang='lat' dir='ltr'><strong>est</strong></span> <span class='ocrx_word' id='word_1_175' title='bbox 1966 2026 2112 2061; x_wconf 88' lang='lat' dir='ltr'><strong>sum-</strong></span> 
     </span>
     <span class='ocr_line' id='line_1_22' title="bbox 181 2091 2114 2168; baseline 0.001 -20"><span class='ocrx_word' id='word_1_176' title='bbox 181 2113 356 2163; x_wconf 90' lang='lat' dir='ltr'><strong>mum,</strong></span> <span class='ocrx_word' id='word_1_177' title='bbox 399 2101 650 2166; x_wconf 85' lang='lat' dir='ltr'><strong>appetat,</strong></span> <span class='ocrx_word' id='word_1_178' title='bbox 691 2092 797 2147; x_wconf 91' lang='lat' dir='ltr'><strong>hoc</strong></span> <span class='ocrx_word' id='word_1_179' title='bbox 836 2110 966 2145; x_wconf 86' lang='lat' dir='ltr'><strong>vero</strong></span> <span class='ocrx_word' id='word_1_180' title='bbox 997 2110 1261 2146; x_wconf 90' lang='lat' dir='ltr'><strong>summum</strong></span> <span class='ocrx_word' id='word_1_181' title='bbox 1289 2092 1342 2145; x_wconf 91' lang='lat' dir='ltr'><strong>in</strong></span> <span class='ocrx_word' id='word_1_182' title='bbox 1372 2091 1652 2146; x_wconf 85' lang='lat' dir='ltr'><strong>indefinito</strong></span> <span class='ocrx_word' id='word_1_183' title='bbox 1684 2091 1921 2166; x_wconf 91' lang='lat' dir='ltr'><strong>quodam</strong></span> <span class='ocrx_word' id='word_1_184' title='bbox 1950 2102 2114 2168; x_wconf 87' lang='lat' dir='ltr'><strong>atque</strong></span> 
     </span>
    </p>
   </div>
   <div class='ocr_carea' id='block_1_3' title="bbox 178 2180 404 2236">
    <p class='ocr_par' dir='ltr' id='par_1_5' title="bbox 178 2180 404 2236">
     <span class='ocr_line' id='line_1_23' title="bbox 178 2180 404 2236; baseline -0.009 0"><span class='ocrx_word' id='word_1_185' title='bbox 178 2180 404 2236; x_wconf 76' lang='lat' dir='ltr'><strong>infinito·</strong></span> 
     </span>
    </p>
   </div>
   <div class='ocr_carea' id='block_1_4' title="bbox 162 2261 2114 3469">
    <p class='ocr_par' dir='ltr' id='par_1_6' title="bbox 180 2261 2114 2947">
     <span class='ocr_line' id='line_1_24' title="bbox 180 2261 2112 2339; baseline 0 -16"><span class='ocrx_word' id='word_1_186' title='bbox 180 2265 518 2323; x_wconf 89' lang='lat' dir='ltr'><strong>Micheletius</strong></span> <span class='ocrx_word' id='word_1_187' title='bbox 570 2263 739 2320; x_wconf 85' lang='lat' dir='ltr'><strong>refert</strong></span> <span class='ocrx_word' id='word_1_188' title='bbox 787 2261 1153 2339; x_wconf 86' lang='lat' dir='ltr'><strong>(Geschichte</strong></span> <span class='ocrx_word' id='word_1_189' title='bbox 1204 2263 1304 2319; x_wconf 87' lang='lat' dir='ltr'><strong>der</strong></span> <span class='ocrx_word' id='word_1_190' title='bbox 1353 2263 1558 2319; x_wconf 86' lang='lat' dir='ltr'><strong>Philos.</strong></span> <span class='ocrx_word' id='word_1_191' title='bbox 1609 2264 1685 2334; x_wconf 90' lang='lat' dir='ltr'><strong>II,</strong></span> <span class='ocrx_word' id='word_1_192' title='bbox 1738 2265 1907 2333; x_wconf 83' lang='lat'>484.)</span> <span class='ocrx_word' id='word_1_193' title='bbox 1959 2277 2112 2323; x_wconf 87' lang='lat' dir='ltr'><strong>recte</strong></span> 
     </span>
     <span class='ocr_line' id='line_1_25' title="bbox 266 2350 2108 2426; baseline 0.001 -19"><span class='ocrx_word' id='word_1_194' title='bbox 266 2352 656 2426; x_wconf 82' lang='lat' dir='ltr'><strong>Schellingium</strong></span> <span class='ocrx_word' id='word_1_195' title='bbox 713 2351 1031 2406; x_wconf 87' lang='lat' dir='ltr'><strong>sententiam</strong></span> <span class='ocrx_word' id='word_1_196' title='bbox 1090 2350 1160 2405; x_wconf 92' lang='lat' dir='ltr'><strong>de</strong></span> <span class='ocrx_word' id='word_1_197' title='bbox 1217 2352 1454 2424; x_wconf 83' lang='lat' dir='ltr'><strong>mysticis</strong></span> <span class='ocrx_word' id='word_1_198' title='bbox 1511 2350 1699 2406; x_wconf 89' lang='lat' dir='ltr'><strong>tulisse</strong></span> <span class='ocrx_word' id='word_1_199' title='bbox 1754 2351 1923 2407; x_wconf 88' lang='lat' dir='ltr'><strong>hanc:</strong></span> <span class='ocrx_word' id='word_1_200' title='bbox 1982 2353 2108 2409; x_wconf 85' lang='lat' dir='ltr'><strong>dass</strong></span> 
     </span>
     <span class='ocr_line' id='line_1_26' title="bbox 265 2436 2111 2514; baseline 0.002 -22"><span class='ocrx_word' id='word_1_201' title='bbox 265 2457 462 2493; x_wconf 89' lang='lat' dir='ltr'><strong>unsere</strong></span> <span class='ocrx_word' id='word_1_202' title='bbox 500 2448 873 2512; x_wconf 82' lang='lat' dir='ltr'><strong>sogenannten</strong></span> <span class='ocrx_word' id='word_1_203' title='bbox 914 2438 1177 2510; x_wconf 73' lang='lat' dir='ltr'><strong>Mystiker</strong></span> <span class='ocrx_word' id='word_1_204' title='bbox 1217 2438 1313 2492; x_wconf 92' lang='lat' dir='ltr'><strong>mit</strong></span> <span class='ocrx_word' id='word_1_205' title='bbox 1356 2437 1458 2492; x_wconf 90' lang='lat' dir='ltr'><strong>den</strong></span> <span class='ocrx_word' id='word_1_206' title='bbox 1500 2436 1823 2494; x_wconf 64' lang='lat' dir='ltr'><strong>Aufkliirern</strong></span> <span class='ocrx_word' id='word_1_207' title='bbox 1866 2442 2111 2514; x_wconf 81' lang='lat' dir='ltr'><strong>gemein-</strong></span> 
     </span>
     <span class='ocr_line' id='line_1_27' title="bbox 266 2522 2114 2591; baseline 0.003 -13"><span class='ocrx_word' id='word_1_208' title='bbox 266 2522 579 2579; x_wconf 84' lang='lat' dir='ltr'><strong>schaftliche</strong></span> <span class='ocrx_word' id='word_1_209' title='bbox 599 2525 785 2579; x_wconf 58' lang='lat' dir='ltr'><strong>‘Sache</strong></span> <span class='ocrx_word' id='word_1_210' title='bbox 814 2523 1069 2591; x_wconf 83' lang='lat' dir='ltr'><strong>macheu,</strong></span> <span class='ocrx_word' id='word_1_211' title='bbox 1099 2522 1279 2578; x_wconf 89' lang='lat' dir='ltr'><strong>indem</strong></span> <span class='ocrx_word' id='word_1_212' title='bbox 1311 2524 1424 2581; x_wconf 89' lang='lat' dir='ltr'><strong>sich</strong></span> <span class='ocrx_word' id='word_1_213' title='bbox 1455 2524 1616 2579; x_wconf 91' lang='lat' dir='ltr'><strong>beide</strong></span> <span class='ocrx_word' id='word_1_214' title='bbox 1644 2525 1718 2579; x_wconf 90' lang='lat' dir='ltr'><strong>im</strong></span> <span class='ocrx_word' id='word_1_215' title='bbox 1747 2527 1824 2579; x_wconf 90' lang='lat' dir='ltr'><strong>ab</strong></span> <span class='ocrx_word' id='word_1_216' title='bbox 1841 2527 2114 2583; x_wconf 88' lang='lat' dir='ltr'><strong>soluten</strong></span> 
     </span>
     <span class='ocr_line' id='line_1_28' title="bbox 266 2610 2113 2687; baseline 0.003 -22"><span class='ocrx_word' id='word_1_217' title='bbox 266 2610 515 2665; x_wconf 84' lang='lat' dir='ltr'><strong>Nichts</strong></span> <span class='ocrx_word' id='word_1_218' title='bbox 556 2610 679 2665; x_wconf 88' lang='lat' dir='ltr'><strong>der</strong></span> <span class='ocrx_word' id='word_1_219' title='bbox 720 2611 1380 2666; x_wconf 89' lang='lat' dir='ltr'><strong>Unerkennbarkeit</strong></span> <span class='ocrx_word' id='word_1_220' title='bbox 1422 2613 1618 2666; x_wconf 87' lang='lat' dir='ltr'><strong>Gottes</strong></span> <span class='ocrx_word' id='word_1_221' title='bbox 1656 2612 1971 2687; x_wconf 84' lang='lat' dir='ltr'><strong>begegnen,</strong></span> <span class='ocrx_word' id='word_1_222' title='bbox 1998 2615 2113 2670; x_wconf 79' lang='lat' dir='ltr'><strong>und</strong></span> 
     </span>
     <span class='ocr_line' id='line_1_29' title="bbox 267 2697 2113 2767; baseline 0.003 -17"><span class='ocrx_word' id='word_1_223' title='bbox 267 2716 328 2750; x_wconf 90' lang='lat' dir='ltr'><strong>so</strong></span> <span class='ocrx_word' id='word_1_224' title='bbox 359 2698 431 2750; x_wconf 91' lang='lat' dir='ltr'><strong>im</strong></span> <span class='ocrx_word' id='word_1_225' title='bbox 459 2697 709 2751; x_wconf 87' lang='lat' dir='ltr'><strong>Finstern</strong></span> <span class='ocrx_word' id='word_1_226' title='bbox 753 2698 842 2752; x_wconf 90' lang='lat' dir='ltr'><strong>die</strong></span> <span class='ocrx_word' id='word_1_227' title='bbox 881 2697 1082 2753; x_wconf 66' lang='lat' dir='ltr'><strong>Hande</strong></span> <span class='ocrx_word' id='word_1_228' title='bbox 1125 2697 1397 2767; x_wconf 88' lang='lat' dir='ltr'><strong>driicken,</strong></span> <span class='ocrx_word' id='word_1_229' title='bbox 1427 2698 1528 2754; x_wconf 85' lang='lat' dir='ltr'><strong>wie</strong></span> <span class='ocrx_word' id='word_1_230' title='bbox 1568 2697 1697 2753; x_wconf 87' lang='lat' dir='ltr'><strong>sehr</strong></span> <span class='ocrx_word' id='word_1_231' title='bbox 1734 2700 1815 2754; x_wconf 90' lang='lat' dir='ltr'><strong>sie</strong></span> <span class='ocrx_word' id='word_1_232' title='bbox 1854 2701 1996 2756; x_wconf 86' lang='lat' dir='ltr'><strong>auch</strong></span> <span class='ocrx_word' id='word_1_233' title='bbox 2025 2721 2113 2756; x_wconf 92' lang='lat' dir='ltr'><strong>am</strong></span> 
     </span>
     <span class='ocr_line' id='line_1_30' title="bbox 264 2783 2113 2858; baseline 0.003 -20"><span class='ocrx_word' id='word_1_234' title='bbox 264 2783 585 2857; x_wconf 84' lang='lat' dir='ltr'><strong>Tageslicht</strong></span> <span class='ocrx_word' id='word_1_235' title='bbox 622 2783 882 2839; x_wconf 89' lang='lat' dir='ltr'><strong>einander</strong></span> <span class='ocrx_word' id='word_1_236' title='bbox 931 2803 1000 2839; x_wconf 86' lang='lat' dir='ltr'><strong>zu</strong></span> <span class='ocrx_word' id='word_1_237' title='bbox 1052 2783 1378 2858; x_wconf 65' lang='lat' dir='ltr'><strong>bekiimpfen</strong></span> <span class='ocrx_word' id='word_1_238' title='bbox 1427 2786 1642 2840; x_wconf 89' lang='lat' dir='ltr'><strong>meinen</strong></span> <span class='ocrx_word' id='word_1_239' title='bbox 1693 2785 1805 2842; x_wconf 91' lang='lat' dir='ltr'><strong>und</strong></span> <span class='ocrx_word' id='word_1_240' title='bbox 1856 2787 2113 2843; x_wconf 89' lang='lat' dir='ltr'><strong>scheinen</strong></span> 
     </span>
     <span class='ocr_line' id='line_1_31' title="bbox 262 2870 1511 2947; baseline 0.002 -22"><span class='ocrx_word' id='word_1_241' title='bbox 262 2870 472 2939; x_wconf 84' lang='lat' dir='ltr'><strong>wollen,</strong></span> <span class='ocrx_word' id='word_1_242' title='bbox 1508 2945 1511 2947; x_wconf 14' lang='lat' dir='ltr'>d</span> 
     </span>
    </p>

    <p class='ocr_par' dir='ltr' id='par_1_7' title="bbox 162 2955 2110 3034">
     <span class='ocr_line' id='line_1_32' title="bbox 162 2955 2110 3034; baseline 0.004 -26"><span class='ocrx_word' id='word_1_243' title='bbox 162 2957 448 3030; x_wconf 55' lang='lat' dir='ltr'><strong>reperisse</strong></span> <span class='ocrx_word' id='word_1_244' title='bbox 478 2956 579 3009; x_wconf 90' lang='lat' dir='ltr'><strong>sibi</strong></span> <span class='ocrx_word' id='word_1_245' title='bbox 610 2955 870 3026; x_wconf 90' lang='lat' dir='ltr'><strong>videatur,</strong></span> <span class='ocrx_word' id='word_1_246' title='bbox 901 2975 1078 3030; x_wconf 87' lang='lat' dir='ltr'><strong>eoque</strong></span> <span class='ocrx_word' id='word_1_247' title='bbox 1109 2965 1330 3030; x_wconf 90' lang='lat' dir='ltr'><strong>reperto</strong></span> <span class='ocrx_word' id='word_1_248' title='bbox 1362 2967 1645 3013; x_wconf 89' lang='lat' dir='ltr'><strong>contentus</strong></span> <span class='ocrx_word' id='word_1_249' title='bbox 1668 2959 1898 3032; x_wconf 88' lang='lat' dir='ltr'><strong>posthac</strong></span> <span class='ocrx_word' id='word_1_250' title='bbox 1921 2962 2110 3034; x_wconf 80' lang='lat' dir='ltr'><strong>quovis</strong></span> 
     </span>
    </p>

    <p class='ocr_par' dir='ltr' id='par_1_8' title="bbox 179 3042 2110 3122">
     <span class='ocr_line' id='line_1_33' title="bbox 179 3042 2110 3122; baseline 0.004 -27"><span class='ocrx_word' id='word_1_251' title='bbox 179 3042 355 3096; x_wconf 86' lang='lat' dir='ltr'><strong>studio</strong></span> <span class='ocrx_word' id='word_1_252' title='bbox 389 3050 444 3096; x_wconf 91' lang='lat' dir='ltr'><strong>et</strong></span> <span class='ocrx_word' id='word_1_253' title='bbox 473 3061 686 3116; x_wconf 90' lang='lat' dir='ltr'><strong>quaque</strong></span> <span class='ocrx_word' id='word_1_254' title='bbox 714 3043 869 3097; x_wconf 91' lang='lat' dir='ltr'><strong>huius</strong></span> <span class='ocrx_word' id='word_1_255' title='bbox 912 3044 1103 3097; x_wconf 91' lang='lat' dir='ltr'><strong>summi</strong></span> <span class='ocrx_word' id='word_1_256' title='bbox 1143 3044 1525 3118; x_wconf 84' lang='lat' dir='ltr'><strong>indagatione,</strong></span> <span class='ocrx_word' id='word_1_257' title='bbox 1568 3046 1768 3118; x_wconf 89' lang='lat' dir='ltr'><strong>quippe</strong></span> <span class='ocrx_word' id='word_1_258' title='bbox 1809 3046 1957 3122; x_wconf 89' lang='lat' dir='ltr'><strong>quod</strong></span> <span class='ocrx_word' id='word_1_259' title='bbox 2002 3048 2110 3103; x_wconf 86' lang='lat' dir='ltr'><strong>iam</strong></span> 
     </span>
    </p>

    <p class='ocr_par' dir='ltr' id='par_1_9' title="bbox 179 3122 2111 3209">
     <span class='ocr_line' id='line_1_34' title="bbox 179 3122 2111 3209; baseline 0.004 -27"><span class='ocrx_word' id='word_1_260' title='bbox 179 3147 239 3182; x_wconf 90' lang='lat' dir='ltr'><strong>se</strong></span> <span class='ocrx_word' id='word_1_261' title='bbox 267 3130 538 3202; x_wconf 89' lang='lat' dir='ltr'><strong>reperisse</strong></span> <span class='ocrx_word' id='word_1_262' title='bbox 567 3122 734 3198; x_wconf 79' lang='lat' dir='ltr'><strong>ratuS,</strong></span> <span class='ocrx_word' id='word_1_263' title='bbox 765 3129 1141 3184; x_wconf 87' lang='lat' dir='ltr'><strong>abstinendum</strong></span> <span class='ocrx_word' id='word_1_264' title='bbox 1170 3131 1273 3184; x_wconf 90' lang='lat' dir='ltr'><strong>sibi</strong></span> <span class='ocrx_word' id='word_1_265' title='bbox 1304 3150 1424 3184; x_wconf 90' lang='lat' dir='ltr'><strong>esse</strong></span> <span class='ocrx_word' id='word_1_266' title='bbox 1453 3132 1762 3202; x_wconf 88' lang='lat' dir='ltr'><strong>arbitretur,</strong></span> <span class='ocrx_word' id='word_1_267' title='bbox 1791 3164 1878 3174; x_wconf 89' lang='lat'>—</span> <span class='ocrx_word' id='word_1_268' title='bbox 1906 3135 2111 3209; x_wconf 88' lang='lat' dir='ltr'><strong>scripta</strong></span> 
     </span>
    </p>

    <p class='ocr_par' dir='ltr' id='par_1_10' title="bbox 177 3214 2107 3290">
     <span class='ocr_line' id='line_1_35' title="bbox 177 3214 2107 3290; baseline 0.004 -22"><span class='ocrx_word' id='word_1_269' title='bbox 177 3214 449 3269; x_wconf 89' lang='lat' dir='ltr'><strong>Hamanni</strong></span> <span class='ocrx_word' id='word_1_270' title='bbox 476 3216 563 3270; x_wconf 82' lang='lat' dir='ltr'><strong>vel</strong></span> <span class='ocrx_word' id='word_1_271' title='bbox 593 3217 771 3270; x_wconf 91' lang='lat' dir='ltr'><strong>obiter</strong></span> <span class='ocrx_word' id='word_1_272' title='bbox 797 3217 1040 3290; x_wconf 89' lang='lat' dir='ltr'><strong>inspecta</strong></span> <span class='ocrx_word' id='word_1_273' title='bbox 1069 3215 1359 3271; x_wconf 87' lang='lat' dir='ltr'><strong>ostendunt</strong></span> <span class='ocrx_word' id='word_1_274' title='bbox 1398 3237 1523 3273; x_wconf 91' lang='lat' dir='ltr'><strong>eum</strong></span> <span class='ocrx_word' id='word_1_275' title='bbox 1553 3227 1608 3272; x_wconf 91' lang='lat' dir='ltr'><strong>et</strong></span> <span class='ocrx_word' id='word_1_276' title='bbox 1637 3219 1813 3274; x_wconf 91' lang='lat' dir='ltr'><strong>animo</strong></span> <span class='ocrx_word' id='word_1_277' title='bbox 1845 3229 1902 3275; x_wconf 91' lang='lat' dir='ltr'><strong>et</strong></span> <span class='ocrx_word' id='word_1_278' title='bbox 1929 3221 2107 3276; x_wconf 90' lang='lat' dir='ltr'><strong>studio</strong></span> 
     </span>
    </p>

    <p class='ocr_par' dir='ltr' id='par_1_11' title="bbox 179 3301 2109 3363">
     <span class='ocr_line' id='line_1_36' title="bbox 179 3301 2109 3363; baseline 0.006 -11"><span class='ocrx_word' id='word_1_279' title='bbox 179 3318 287 3354; x_wconf 91' lang='lat' dir='ltr'><strong>non</strong></span> <span class='ocrx_word' id='word_1_280' title='bbox 326 3301 490 3356; x_wconf 91' lang='lat' dir='ltr'><strong>modo</strong></span> <span class='ocrx_word' id='word_1_281' title='bbox 533 3302 876 3358; x_wconf 84' lang='lat' dir='ltr'><strong>adversatum</strong></span> <span class='ocrx_word' id='word_1_282' title='bbox 916 3302 1181 3357; x_wconf 90' lang='lat' dir='ltr'><strong>eiusmodi</strong></span> <span class='ocrx_word' id='word_1_283' title='bbox 1234 3302 1395 3358; x_wconf 91' lang='lat' dir='ltr'><strong>animi</strong></span> <span class='ocrx_word' id='word_1_284' title='bbox 1446 3305 1783 3362; x_wconf 85' lang='lat' dir='ltr'><strong>meditationi</strong></span> <span class='ocrx_word' id='word_1_285' title='bbox 1830 3306 1901 3361; x_wconf 89' lang='lat' dir='ltr'><strong>ad</strong></span> <span class='ocrx_word' id='word_1_286' title='bbox 1934 3309 2109 3363; x_wconf 51' lang='lat' dir='ltr'><strong>¹finem</strong></span> 
     </span>
    </p>

    <p class='ocr_par' dir='ltr' id='par_1_12' title="bbox 180 3385 2108 3469">
     <span class='ocr_line' id='line_1_37' title="bbox 180 3385 2108 3469; baseline 0.005 -30"><span class='ocrx_word' id='word_1_287' title='bbox 180 3385 380 3440; x_wconf 89' lang='lat' dir='ltr'><strong>nullum</strong></span> <span class='ocrx_word' id='word_1_288' title='bbox 417 3388 689 3460; x_wconf 89' lang='lat' dir='ltr'><strong>tendenti,</strong></span> <span class='ocrx_word' id='word_1_289' title='bbox 728 3407 794 3446; x_wconf 89' lang='lat' dir='ltr'><strong>ac</strong></span> <span class='ocrx_word' id='word_1_290' title='bbox 832 3389 993 3466; x_wconf 88' lang='lat' dir='ltr'><strong>plane</strong></span> <span class='ocrx_word' id='word_1_291' title='bbox 1033 3391 1363 3447; x_wconf 88' lang='lat' dir='ltr'><strong>contrarium</strong></span> <span class='ocrx_word' id='word_1_292' title='bbox 1411 3389 1578 3447; x_wconf 88' lang='lat' dir='ltr'><strong>fuisse</strong></span> <span class='ocrx_word' id='word_1_293' title='bbox 1619 3393 1746 3449; x_wconf 88' lang='lat' dir='ltr'><strong>huic</strong></span> <span class='ocrx_word' id='word_1_294' title='bbox 1785 3396 1986 3465; x_wconf 90' lang='lat' dir='ltr'><strong>amori,</strong></span> <span class='ocrx_word' id='word_1_295' title='bbox 2017 3390 2108 3469; x_wconf 86' lang='lat' dir='ltr'><strong>qui</strong></span> 
     </span>
    </p>
   </div>
   <div class='ocr_carea' id='block_1_5' title="bbox 291 3583 679 3642">
    <p class='ocr_par' dir='ltr' id='par_1_13' title="bbox 291 3583 679 3642">
     <span class='ocr_line' id='line_1_38' title="bbox 291 3583 679 3642; baseline 0.01 -16"><span class='ocrx_word' id='word_1_296' title='bbox 291 3585 336 3635; x_wconf 64' lang='lat' dir='ltr'><strong>*J</strong></span> <span class='ocrx_word' id='word_1_297' title='bbox 366 3585 418 3628; x_wconf 76' lang='grc' dir='ltr'><strong>Η.</strong></span> <span class='ocrx_word' id='word_1_298' title='bbox 450 3586 495 3629; x_wconf 83' lang='lat' dir='ltr'><strong>s,</strong></span> <span class='ocrx_word' id='word_1_299' title='bbox 523 3585 579 3642; x_wconf 85' lang='lat'><strong>11,</strong></span> <span class='ocrx_word' id='word_1_300' title='bbox 608 3583 679 3630; x_wconf 83' lang='lat'><strong>59.</strong></span> 
     </span>
    </p>
   </div>
  </div>
 </body>
</html>
