2418 3854
1206 178 1285 238 22

293 357 379 412 cui
416 353 683 431 refragari
722 356 1067 410 Hamannum
1103 373 1220 409 ‚non
1268 354 1469 428 ubique
1509 355 1748 428 potuisse
1787 374 1955 430 supra
2006 355 2212 413 dictum

291 451 403 512 est,
416 463 606 498 sensus
635 452 814 497 tamen
842 440 1130 514 peculiaris
1160 461 1220 496 se
1250 440 1592 511 admisceret,
1627 460 1693 496 ac
1721 461 1937 517 semper
1964 439 2093 498 fere
2111 444 2210 500 do-

289 530 599 598 minaretur,
643 547 783 583 nunc
811 527 917 583 erit
942 528 1151 621 reliqua
1179 527 1571 584 dissertationis
1610 535 1830 584 nostrae
1856 539 2015 604 parte
2043 550 2210 605 expo-

287 617 538 673 nendum.
567 647 652 658 —-

621 810 757 881 DE
805 806 1293 883 SCRIPTIS
1331 804 1874 880 HAMANNI.
1952 843 1953 846 ¹

930 968 1241 1026 Exordium
1283 968 1576 1025 scribendi.

402 1137 557 1189 Bene
607 1136 1032 1190 observaverunt
1078 1134 1260 1202 multi,
1320 1134 1577 1208 explicuit
1627 1153 1812 1205 nemo,
1869 1155 2031 1209 quam
2078 1136 2215 1190 miro

289 1222 453 1276 modo
497 1241 616 1276 sors
658 1230 791 1296 agat
832 1222 887 1276 in
926 1221 1282 1277 attribuendis
1330 1222 1618 1294 unicuique
1658 1222 1751 1292 iis,
1809 1241 1949 1295 quae
1991 1231 2218 1278 naturae

290 1309 405 1363 eius
436 1309 710 1382 aptissima
740 1309 861 1364 sint.
950 1309 1107 1370 Quae
1136 1317 1199 1363 ut
1217 1307 1726 1376 animadvertamus,
1769 1308 1975 1364 inducit
2014 1328 2114 1375 nos
2142 1308 2219 1376 id,

288 1395 435 1469 quod
463 1397 782 1450 Hamannus
811 1395 960 1469 cepit
987 1395 1260 1450 scribendi
1290 1394 1603 1461 exordium3
1623 1426 1706 1436 —-
1735 1414 1860 1449 nam
1890 1395 2057 1451 verba
2086 1396 2219 1464 eius,
2245 1403 2250 1408 “

288 1502 428 1555 quae
467 1482 726 1556 leguntur
765 1481 932 1537 haec:
979 1479 1308 1556 (Hamann’s
1347 1479 1734 1536 Briefwechsel
1778 1482 1875 1536 mit
1900 1482 2094 1538 Jacobi
2121 1483 2219 1551 IV,

287 1570 360 1638 3,
402 1568 588 1645 317.)
635 1570 862 1638 „Meine
901 1567 1254 1624 Autorschaft
1292 1569 1436 1623 steht
1475 1569 1571 1623 mit
1609 1569 1815 1630 meiner
1854 1568 2218 1630 {iusserl’nchen
2251 1619 2267 1626 κ

285 1655 446 1729 Lage
476 1656 528 1708 in
559 1675 619 1708 so
652 1675 898 1729 genauer
925 1654 1299 1729 Verbindnng,
1330 1654 1455 1710 dass
1476 1653 1610 1728 jede
1640 1655 1725 1710 ein
1757 1655 1916 1710 Theil
1947 1654 2044 1711 des
2067 1657 2216 1717 Gan-

286 1761 386 1796 zen
416 1742 539 1810 ist,“
583 1742 918 1798 excusationi
963 1743 1118 1796 nobis
1160 1750 1319 1797 erunt
1354 1751 1519 1815 atque
1558 1742 2009 1814 comprobationi,
2052 1742 2219 1817 quod,

285 1837 576 1902 antequam
605 1829 658 1883 in
688 1829 904 1904 singula
934 1830 1048 1884 eius
1077 1830 1280 1902 scripta
1309 1829 1693 1902 inquisivimuS‚
1739 1848 1912 1902 eaque
1949 1829 2217 1902 interpre-

287 1916 393 1970 tari
425 1916 605 1970 conati
634 1936 836 1986 sumuS,
866 1916 1090 1990 singulis
1121 1925 1468 1971 externarum
1499 1914 1866 1970 conditionum
1896 1914 2219 1989 descriptio—

285 2018 428 2082 nem,
471 2001 663 2076 quibus
696 2002 992 2058 valentibus
1024 2003 1326 2076 composita
1353 2010 1495 2070 sunt,
1536 2002 1927 2075 praemisimus.

401 2090 675 2144 Hamanni
705 2090 874 2165 igitur
902 2090 954 2143 in
983 2089 1266 2144 Britannia
1294 2089 1668 2157 commoratiO,
1716 2086 1887 2163 (Vide
1916 2088 2110 2157 vitam,
2149 2050 2218 2144 cf.

286 2176 490 2250 IIegel.
521 2186 558 2231 t.
570 2177 747 2231 XVII.
778 2198 829 2250 p.
848 2178 1120 2245 51—55,
1153 2177 1374 2231 Gervin.
1400 2195 1506 2248 op„
1535 2177 1807 2230 Hamann.
1838 2194 1942 2231 scr.
1960 2175 2007 2244 I,
2043 2174 2216 2252 196.)

291 2283 397 2336 quo
428 2264 594 2335 ipsius
626 2263 956 2318 desiderium
987 2262 1254 2336 amicique
1293 2260 1573 2334 cujusdam
1614 2262 1860 2330 senioris»,
1904 2261 2008 2345 qui
2024 2261 2127 2316 hac
2156 2281 2219 2317 re

291 2369 413 2403 eum
454 2350 610 2405 simul
649 2351 790 2405 sitae
832 2351 1129 2406 communis
1170 2350 1406 2422 negotiis
1446 2348 1772 2404 adsuescere
1812 2348 2027 2403 volebat
2069 2348 2220 2404 auxi-

289 2436 435 2505 lium,
468 2457 591 2491 eum
621 2436 924 2492 deduxerat
952 2437 1358 2491 adolescentem
1387 2445 1550 2509 atque
1580 2437 1852 2490 incautum
1883 2454 1950 2489 eo
1983 2434 2218 2510 redegit,

288 2530 371 2591 ut,
411 2543 519 2596 quo
550 2545 609 2579 se
640 2533 879 2580 verteret
908 2524 1148 2598 quidque
1179 2532 1389 2597 ageret,
1434 2523 1686 2590 nesciret,
1729 2521 1828 2577 sed
1867 2522 2217 2594 perturbatus

292 2619 456 2682 atque
486 2611 652 2685 longe
683 2612 750 2665 ab
783 2631 869 2680 eo,
915 2611 1063 2684 quod
1093 2608 1479 2664 intendendum
1510 2609 1561 2662 ei
1590 2607 1795 2677 fuisset,
1839 2609 2099 2665 aberrans
2128 2628 2216 2663 er-

290 2697 504 2751 roribus
540 2699 699 2751 variis
743 2699 1047 2772 scelerique
1086 2697 1395 2770 pernicioso
1426 2715 1547 2750 sese
1574 2695 1835 2750 traderet,
1924 2695 2110 2757 Quare
2137 2693 2218 2761 fa·

293 2791 436 2838 ctum
469 2792 569 2854 est,
612 2793 687 2852 ut,
725 2786 910 2840 nescio
942 2804 1010 2839 an
1038 2782 1254 2838 fortuna
1283 2782 1523 2837 secunda
1554 2802 1586 2835 a
1615 2783 1852 2856 negotiis
1881 2782 2218 2838 mercatoriis
2261 2857 2264 2860 ὓ

290 2869 360 2924 ad
391 2871 496 2924 alia
525 2891 698 2944 eaque
726 2890 950 2944 prorsus
980 2871 1211 2938 diversa,
1254 2869 1354 2924 sed
1383 2889 1415 2923 a
1443 2878 1636 2924 natura
1676 2871 1790 2924 eius
1830 2869 2002 2933 minus
2042 2866 2217 2922 aliena

290 2977 350 3011 se
381 2969 704 3013 convertere
732 2956 850 3013 fere
880 2967 1199 3033 cogeretur.'
1270 2956 1539 3011 Gervinus
1572 2954 1657 3030 (p.
1691 2954 1868 3032 440.)
1900 2955 2077 3010 acrius
2098 2954 2214 3026 'hoc

288 3043 365 3098 ita
393 3054 602 3100 narrat:
645 3045 774 3114 „Als
805 3066 867 3101 er
894 3045 1032 3101 nach
1061 3043 1317 3117 England
1346 3045 1490 3112 kam,
1518 3042 1720 3097 blickte
1750 3062 1813 3097 er
1839 3041 1981 3096 noch
2008 3039 2215 3114 grund-

289 3129 391 3185 tief
415 3131 467 3184 in
500 3131 589 3185 die
616 3132 833 3188 Kloake
876 3131 972 3188 des
1000 3130 1301 3186 Londoner
1326 3130 1563 3199 LebenS,
1608 3129 1757 3186 ward
1794 3127 1935 3183 nach
1960 3126 2214 3183 Freund-

289 3215 466 3272 schaft
503 3218 733 3291 durstig,
776 3221 941 3275 bitter
978 3218 1283 3293 getiiuscht,
1326 3215 1508 3272 fiihrte
1549 3217 1636 3273 ein
1670 3213 1995 3273 liiderliches
2021 3213 2215 3269 Leben

291 3305 402 3359 und
433 3305 625 3379 schlug
655 3305 796 3360 daun
825 3305 1079 3378 pliitzlich
1109 3326 1200 3360 um
1240 3325 1362 3360 zum
1389 3304 1695 3359 Bibellesen
1727 3299 1836 3355 und
1863 3301 2037 3356 Beten
2070 3309 2175 3358 etc.
2179 3305 2215 3334 “

291 3425 375 3433 -—
403 3394 528 3447 Jam
556 3411 706 3460 vero,
750 3412 915 3466 quum
943 3393 995 3447 in
1026 3392 1277 3465 Angliam
1303 3392 1654 3463 proficiscens
1675 3387 2063 3447 Amstelodami
2090 3406 2212 3443 ver-

291 3488 519 3544 sanetur,
564 3479 769 3534 animus
811 3479 926 3534 eius
965 3480 1233 3552 inquietus
1275 3486 1409 3548 erat,
1453 3497 1514 3532 se
1552 3477 1727 3548 ipsum
1770 3473 2108 3548 despiciebat
2134 3493 2213 3535 ac

292 3567 447 3639 plane
489 3566 559 3623 de
585 3574 659 3622 ‘se
685 3566 1047 3642 desperabat,
1091 3564 1511 3639 unumquodque
1553 3562 1883 3618 consortium
1934 3581 2055 3619 cum
2097 3561 2210 3618 aliis
