2418 3854
1195 238 1278 297 71)

267 412 452 468 subsit.
537 414 700 470 Hanc
747 414 801 468 in
849 432 967 468 rem
1016 414 1276 488 respiciat
1326 415 1375 469 is-
1424 432 1652 469 necesse
1699 426 1858 486 csse,
1873 417 2004 491 qui
2054 417 2213 473 altius

269 498 609 556 reconditam
639 500 1135 573 significationem
1121 521 1176 556 ιιι
1217 501 1370 557 libris
1409 501 1579 556 sacris
1609 501 1984 574 explicandis‘
1968 504 2214 558 invenire

272 586 398 641 velit
437 584 540 660 (I,
576 586 767 662 148..)
823 588 1022 688 Atque
1052 589 1155 659 ita,
1196 596 1260 643 ut
1288 588 1593 662 exemplum
1623 589 1911 659 afferatur,
1938 591 1993 644 in
2022 583 2213 649 narra-

270 673 419 728 tione
449 673 519 727 de
561 673 793 745 popule,
836 675 990 728 cuius
1020 630 1219 730 famem
1260 675 1498 748 quinque
1544 672 1823 728 hordearii
1864 677 2215 751 expleverint,

272 759 642 832 metaphorice
670 770 927 834 accepta,
969 762 1216 816 bonum
1202 780 1380 815 messe
1409 779 1644 830 sensum.
1729 762 2215 839 Etenim¹qninque

273 847 515 901 sensibus
546 866 578 900 a
607 856 801 904 natura
829 848 1033 903 homini
1063 848 1202 903 datis
1231 855 1406 902 totum
1436 848 1825 921 comprehendi
1853 857 1910 904 et
1933 847 2216 906 doctrinae

276 942 332 988 et
371 931 500 987 fidei
540 934 731 989 orbem
771 943 936 1008 atque
987 937 1274 1002 ambitum3
1316 934 1424 989 hoc
1468 932 1821 990 fundamento
1862 954 1971 990 non
2008 944 2218 991 tantum

277 1019 497 1074 rationis
527 1020 813 1090 horreum,
843 1041 1031 1075 verum
1061 1023 1224 1076 etiam
1253 1021 1383 1076 fidei
1412 1022 1681 1076 aerarium
1725 1018 1821 1077 niti
1865 1020 1962 1096 (I,
2009 1024 2130 1081 128
2162 1033 2220 1078 et

282 1105 475 1183 129.)
540 1107 705 1169 Quod
735 1109 788 1165 in
827 1108 932 1163 hac
972 1128 1035 1164 re
1064 1109 1256 1163 mirum
1272 1108 1522 1163 videatur
1562 1108 1618 1163 id
1672 1110 1727 1164 in
1771 1119 1960 1164 nostro
1995 1109 2218 1184 ingenio

278 1194 457 1262 cerni,
502 1194 650 1269 quod
685 1202 889 1250 tantam
930 1215 1184 1251 sensuum
1225 1205 1528 1270 egestatem
1572 1197 1625 1250 in
1667 1205 1846 1251 tantas
1877 1196 2090 1251 divitias
2117 1197 2219 1251 im-

278 1290 490 1336 mutare
527 1280 721 1337 valeat.
809 1284 1013 1338 Sensus
1058 1291 1336 1338 autemet
1375 1284 1514 1337 ratio
1544 1292 1617 1337 -ut
1654 1302 1849 1338 secum¹
1882 1283 2222 1358 copulentur,

282 1367 539 1423 utendum
571 1387 692 1424 esse
723 1367 1047 1426 adminiculo
1090 1370 1359 1444 evangelii
1401 1369 1579 1424 divina
1622 1379 1678 1424 et
1700 1368 1939 1425 humana
1965 1363 2221 1425 necessa·

281 1456 364 1509 rio
395 1475 581 1510 secum
612 1457 994 1531 coniungenda
1027 1459 1078 1511 in
1110 1476 1275 1512 unum
1306 1455 1668 1511 consociantis
1713 1455 1851 1531 (Vl,
1888 1456 2097 1534 1-70.)-.·
2124 1459 2221 1512 At-

284 1562 390 1617 que
430 1544 484 1597 in
523 1542 738 1601 divinae
778 1545 1155 1618 humanaeque
1205 1543 1434 1598 naturae
1475 1544 1890 1599 consociatione
1908 1553 1979 1600 fet
2017 1534 2224 1599 unitate

283 1630 517 1704 positam
547 1649 668 1684 esse
697 1633 994 1705 praecipue
1026 1651 1239 1685 omnem
1270 1631 1640 1705 cognitionem
1668 1641 1910 1686 nostram
1931 1629 2225 1706 (msa).

400 1718 505 1772 His
537 1717 581 1771 si
611 1715 683 1771 de
712 1717 915 1787 forma,
960 1738 1123 1792 quam
1150 1719 1470 1774 Hamannus
1508 1718 1631 1772 suis*
1659 1715 1731 1772 de
1773 1717 2045 1792 religione
2070 1717 2225 1792 cogi-

285 1803 412 1858 tatis
457 1803 844 1874 circumdedit,
901 1805 1269 1859 addiderimus
1319 1823 1443 1859 eam
1494 1805 1596 1877 ipsi
1658 1803 1953 1860 admodum
2001 1804 2227 1859 liberam

287 1889 559 1963 placuisse
599 1891 675 1945 ita
713 1900 774 1949 ut
810 1911 1248 1966 unumquemque
1286 1909 1386 1946 suo
1418 1890 1635 1946 dicendi
1655 1909 1874 1966 genere
1901 1892 1979 1947 uti
2006 1891 2228 1965 permit·

289 1986 448 2046 teret,
479 1977 776 2036 dummodo
806 1979 936 2034 illud
967 1999 1089 2034 cum
1134 1979 1304 2033 verbo
1348 1978 1528 2033 divino
1570 1979 1932 2046 consentiret3
1975 1978 2021 2032 si
2060 1991 2229 2051 porro

291 2066 669 2139 gravissimum
698 2066 769 2123 ad
801 2066 946 2140 quod
978 2066 1083 2121 hac
1112 2067 1165 2120 in
1196 2085 1258 2120 re
1287 2066 1633 2138 provocavit,
1666 2065 1899 2120 dictum-x
1940 2105 1975 2135 „
1995 2063 2233 2119 Gotti'st

291 2152 490 2222 „nicht
519 2153 605 2207 ein
638 2155 778 2208 Gott
807 2153 909 2208 der
938 2153 1177 2221 'Podten‚
1222 2152 1457 2206 sondern
1489 2151 1592 2206 der
1618 2152 2045 2226 Lebendigen,‘⁶
2064 2149 2231 2225 (VII,

295 2239 474 2316 303.)
502 2248 557 2294 et
584 2240 741 2298 illud:
774 2238 1020 2315 (Jacobii
1036 2242 1142 2314 Op.
1156 2240 1189 2296 l.
1203 2239 1236 2295 l.
1249 2239 1496 2315 p.423.)
1527 2241 1721 2307 „Wem
1745 2258 1835 2294 um
1866 2238 2146 2294 denGeist
2164 2256 2233 2293 zu

296 2327 472 2395 „thun
503 2327 589 2396 ist,
619 2327 720 2383 der
748 2327 911 2383 kehrt
938 2327 1053 2382 sich
1079 2326 1263 2382 weder
1291 2334 1360 2381 an
1380 2325 1470 2381 die
1493 2326 1741 2395 Materie,
1770 2325 1913 2380 noch
1934 2325 2106 2380 Form
2131 2324 2233 2380 der

298 2413 682 2484 „Wahrheit‚“
712 2415 1334 2480 commemoraverimus,
1364 2414 1630 2487 reliquum
1660 2422 1761 2481 est,
1790 2422 1851 2467 ut
1876 2408 2232 2483 fundamenti,

300 2520 409 2574 quo
439 2500 605 2555 fidem
650 2521 800 2557 suam
842 2503 938 2556 niti
985 2501 1240 2570 voluerit,
1284 2501 1523 2555 breviter
1547 2500 1830 2554 rationem
1869 2498 2178 2555 reddamus.
2215 2513 2220 2542 ἑ

409 2589 491 2645 Ac
520 2589 750 2661 primum
780 2588 998 2663 quidem
1041 2607 1206 2663 quum
1248 2606 1495 2641 amorem
1533 2585 1662 2640 nihil
1700 2602 1824 2640 esse
1862 2594 2107 2656 statuat,··
2133 2585 2236 2641 nisi

303 2674 470 2732 fidem
501 2675 843 2731 christianam
876 2676 1066 2745 vivam,
1110 2675 1355 2748 spiritum
1384 2674 1498 2727 sive
1526 2673 1690 2727 vitam
1717 2673 1866 2743 fidei,
1895 2673 2036 2728 hane
2062 2673 2237 2747 ipsam

304 2770 499 2836 postea
542 2762 923 2837 restringendo
961 2764 1038 2818 ita
1074 2762 1465 2834 interpretatur
1501 2761 1848 2828 Humanum,
1880 2769 1969 2815 ut·
1990 2754 2235 2816 nonno·—

305 2858 476 2905 strum
506 2868 776 2919 amorem,
816 2849 917 2905 sed
944 2848 1271 2904 ineffabilem
1297 2847 1417 2902 Dei.
1444 2847 1497 2900 in
1539 2847 1651 2900 filio
1694 2843 2237 2908 amor-immanifestu—

304 2946 420 2992 tum
462 2945 707 2994 centrum
737 2956 804 2990 ac
832 2935 1002 2990 solem
1032 2935 1314 2990 doctrinae
1343 2943 1563 2988 nostrae
1593 2953 1714 2988 esse
1740 2925 2236 3007 affimetjssaoobi

307 3023 342 3079 l.
364 3023 398 3078 l.
437 3043 490 3096 p.
522 3025 622 3093 32,
655 3022 800 3100 33.)
833 3023 941 3077 Dei
967 3023 1216 3078 timorem
1245 3011 1541 3095 sapientiae
1567 3021 1812 3090 initium,
1840 3019 2238 3095 evangelicum-

312 3129 419 3184 que
460 3110 574 3163 eius
615 3130 859 3165 amorem
896 3110 1193 3183 sapientiae
1233 3110 1397 3163 finem
1439 3116 1496 3162 et
1532 3116 1791 3180 punctum
1830 3126 1978 3177 esse,
2001 3114 2240 3179 ‘praeter

311 3195 462 3271 quod
491 3196 636 3253 aliud
665 3196 755 3259 δός
781 3219 876 3267 μοι
902 3203 1012 3252 ποῦ
1042 3200 1154 3251 στῶ
1184 3195 1418 3269 cogitari
1446 3214 1554 3248 non
1581 3195 1770 3267 possit.
1843 3193 1950 3255 Qui
1970 3193 2237 3266 ‘mysterio

311 3290 562 3351 sanctae,
605 3283 753 3356 quod
795 3283 1008 3352 dicunt,
1050 3283 1301 3338 trinitatis
1342 3282 1609 3355 obstringi
1649 3290 1704 3336 et
1742 3279 1939 3334 initiari
1978 3298 2100 3334 sese
2129 3294 2238 3334 non

311 3370 566 3445 patiatur,
594 3389 720 3424 eum
749 3369 1055 3426 Christiana
1084 3370 1359 3438 doctrina,
1389 3370 1539 3423 initio
1571 3376 1628 3422 et
1652 3369 1762 3421 fine
1795 3366 2239 3435 remotis,'imbui

314 3477 424 3512 non
451 3476 613 3531 posse
646 3454 742 3530 (V,
776 3454 970 3531 242..)
1059 3457 1181 3515 Qua
1211 3455 1282 3509 de
1311 3475 1374 3509 re
1401 3454 1689 3529 HegeliuS,
1721 3458 1882 3525 qu'um
1914 3453 2118 3526 optime
2146 3470 2238 3507 ex—

314 3545 592 3616 posueiit,
634 3563 743 3598 non
782 3542 1014 3597 alienum
1052 3541 1322 3611 videtur,
1347 3542 1462 3602 eius
1491 3540 1677 3596 verba
1722 3559 1788 3595 ex
1829 3540 2088 3615 operibus
2124 3539 2241 3596 eius
2281 3544 2287 3549 “

312 3639 441 3690 tom
471 3632 648 3691 XVII.
687 3630 1078 3690 manse-tibere:
