2418 3854
1191 172 1277 233 58

268 370 336 406 eo
368 348 536 418 cerni,
579 356 641 403 ut
679 367 710 402 a
749 347 971 402 notione
1006 346 1242 421 linguae,
1287 347 1487 422 quippe
1530 368 1669 422 quae
1712 351 1914 408 aditum
1955 352 2027 406 ad
2057 354 2197 420 eius-

268 435 417 493 modi
456 436 800 510 quaestiones
842 432 1209 488 dissolvendas
1251 435 1550 504 custodiat,
1597 435 1900 493 definienda
1955 449 2196 496 exeatur.

267 521 658 595 Philosophum
688 520 920 593 vestigio
951 520 1189 587 rationis,
1221 541 1360 594 quae
1389 523 1531 576 inter
1551 522 1790 595 linguam
1812 534 1866 579 et
1888 526 2197 599 opinionem

268 609 588 677 intercedat,
630 606 867 661 indicato
897 607 972 661 ita
1003 616 1314 662 contentum
1342 606 1479 675 fore,
1508 618 1570 663 ut
1599 602 1896 681 sapientem
1926 612 2070 667 illum
2103 633 2197 666 ve-

267 707 459 765 terem,
502 694 763 767 adspecta
791 695 972 767 figura
1002 695 1357 767 geometrica.
1405 692 1512 767 (H.
1545 713 1634 767 op.
1667 696 1740 763 ΙΙ,
1778 696 1950 773 129.)
2022 700 2203 760 Quam

269 784 599 849 orationem,
643 800 806 854 quum
846 780 1024 834 subito
1061 781 1347 852 abrumpat
1385 781 1733 850 Hamannus,
1777 801 1884 837 non
1925 784 2039 840 sine
2068 787 2199 840 'iure

255 866 500 926 'maximo
541 866 612 921 ad
655 887 777 921 eum
818 864 1013 920 referri
1040 866 1225 921 licebit
1253 865 1382 920 illud
1411 867 1574 921 Plinii
1605 866 1675 922 de
1706 856 2008 924 'Pimanthis
2046 874 2196 945 peni-

269 956 392 1012 cillo
424 952 654 1009 dictum:
684 955 785 1023 „In
817 953 1061 1007 omnibus
1093 953 1350 1026 operibus
1380 954 1496 1008 eius
1524 954 1843 1029 intelligitur
1869 955 2006 1029 pluS,
2039 977 2199 1031 quam

267 1042 563 1117 pingitur.“

381 1127 496 1182 Sed
547 1134 603 1182 et
640 1126 981 1199 antiquorum
1033 1124 1477 1199 philosophorum
1528 1127 1738 1200 placitis
1793 1129 2192 1203 cognoscendis

267 1234 492 1289 operam
521 1232 683 1286 quam
713 1212 998 1266 maximam
1025 1214 1368 1267 Hamannum
1401 1233 1625 1268 navasse
1657 1224 1712 1269 et
1739 1216 1855 1289 ipse
1887 1216 2020 1272 (licit
2047 1226 2104 1271 et
2133 1237 2201 1272 ex

267 1303 381 1358 eius
414 1301 671 1374 operibus
701 1299 1033 1372 intelligitur.
1119 1301 1202 1354 Ac
1230 1300 1520 1355 Platonem
1558 1300 1777 1374 quidem
1816 1321 1951 1375 prae
1982 1303 2199 1378 reliquis

266 1391 341 1445 ita
370 1388 738 1455 adamaverat,
768 1395 827 1440 ut
857 1385 1129 1443 dimidiam
1163 1406 1391 1459 operum
1422 1388 1536 1442 eius
1560 1396 1770 1460 partem
1800 1388 1853 1442 in
1877 1409 1974 1444 sua
1999 1391 2203 1463 scripta

263 1473 687 1532 transscribendi
724 1473 944 1528 libidine
985 1493 1045 1527 se
1077 1483 1293 1547 captum
1335 1494 1456 1529 esse
1495 1473 1721 1530 diceret.
1806 1475 1946 1531 Vide
1974 1476 2114 1532 hanc
2144 1477 2199 1531 in

263 1583 380 1618 rem
421 1562 602 1617 locum
633 1562 776 1634 Opp.
807 1560 911 1629 III,
949 1562 1063 1614 111
1087 1581 1103 1613 ε
1157 1560 1292 1629 „Ich
1334 1560 1475 1615 habe
1515 1561 1710 1616 keinen
1740 1563 1916 1617 Autor
1952 1563 2050 1618 mit
2090 1562 2198 1622 sol-

263 1649 434 1721 „cher
451 1648 715 1704 Intimitiit
743 1644 865 1720 (ich
894 1647 1050 1701 weiss
1078 1647 1256 1702 meine
1282 1646 1659 1722 Empfindung
1686 1648 1835 1704 nicht
1861 1649 2052 1704 besser
2074 1668 2199 1705 aus·-

264 1733 652 1810 ,‚zudriicken)
695 1733 977 1807 gelesen,“
1019 1752 1255 1807 quocum
1300 1732 1368 1790 cf.
1399 1734 1528 1790 ibid.
1558 1754 1611 1807 p.
1648 1737 1786 1790 114.
1822 1737 1962 1791 152.
2003 1754 2198 1792 secun-

264 1824 393 1879 dum
423 1822 491 1876 ab
522 1841 590 1875 eo
621 1821 800 1874 locum
829 1820 1016 1875 tribuit
1043 1820 1337 1890 Aristoteli,
1373 1822 1463 1895 qui
1494 1840 1617 1876 cum
1646 1821 1735 1876 illo
1768 1832 2120 1896 comparatus,
2142 1833 2200 1878 et

263 1911 408 1966 solus
439 1907 706 1982 legendus
735 1915 896 1962 esset.
985 1904 1071 1962 Cf.
1103 1906 1380 1963 Kleeblatt
1420 1908 1681 1963 hellenist.
1709 1907 1898 1964 Briefe
1937 1909 2011 1979 H,
2054 1910 2198 1965 215.

309 2070 318 2073 g
374 1997 425 2051 E
450 1995 812 2050 recentiorum
842 1992 1288 2067 philosophorum
1317 2013 1543 2050 numero
1571 1995 1852 2053 Baconem
1880 1995 1981 2050 sibi
2012 1995 2199 2070 elegit,

262 2084 316 2138 in
348 2102 455 2157 quo
486 2083 698 2155 penitus
729 2080 1109 2154 perspiciendo
1142 2079 1552 2154 diligentissime
1582 2091 1827 2137 versatus
1858 2091 1956 2139 est.
2003 2082 2199 2138 Adhuc

260 2171 539 2227 literarum
585 2168 1081 2243 philosophicarum
1133 2168 1548 2225 instauratorem
1602 2170 1916 2242 saepissime
1959 2156 2196 2244 ablegat,

260 2267 453 2332 utpote
483 2257 576 2329 qui
605 2275 739 2329 prae
769 2256 988 2329 reliquis
1011 2254 1355 2328 dignissimus
1375 2257 1460 2324 sit,
1492 2275 1651 2329 quem
1674 2265 1970 2330 sequantur
1992 2275 2196 2312 omnes,

264 2342 584 2400 Ostendisse
626 2343 767 2396 enim
809 2363 949 2411 eum,
995 2340 1271 2415 quomodo
1314 2362 1380 2397 ex
1420 2352 1647 2398 naturae
1690 2343 2021 2416 cognitione,
2065 2341 2197 2416 quid

264 2441 409 2486 esset
438 2432 643 2485 animus
676 2438 731 2483 et
761 2431 976 2498 veritaS,
1023 2428 1156 2483 disci
1187 2438 1389 2500 posset.
1480 2430 1649 2484 Cuius
1689 2428 1994 2502 philosophi
2035 2448 2195 2503 prae·-

262 2518 571 2574 stantissimi
600 2518 925 2571 auctoritate
956 2535 1101 2584 usuS,
1131 2515 1406 2588 quomodo
1436 2517 1754 2570 Hamannus
1782 2526 2011 2571 naturae
2042 2514 2195 2572 codi-

265 2626 384 2662 cem
417 2602 484 2679 (i.
516 2624 564 2659 e.
595 2612 867 2658 nostrum:
924 2603 1022 2658 das
1050 2602 1425 2657 Urkundliche
1455 2602 1556 2656 der
1584 2602 1777 2657 Natur.
1809 2603 1911 2672 III,
1945 2602 2078 2679 82.)
2122 2601 2195 2658 ad

263 2711 425 2766 quem
446 2699 620 2746 totum
644 2691 1036 2764 cogitationum
1059 2708 1290 2763 reguum
1315 2687 1660 2745 referendum
1681 2689 1765 2758 sit,
1777 2689 1969 2764 inspici
1991 2690 2192 2760 iubeat,

263 2779 536 2854 copiosius
565 2776 702 2830 infra
731 2777 1132 2851 explicabimus,

373 2864 489 2921 Sed
518 2873 718 2938 quanto
759 2883 947 2918 amore
972 2865 1291 2918 Hamannus
1331 2862 1579 2935 antiquos
1607 2861 1956 2936 philosophos
1997 2871 2055 2919 et
2079 2861 2191 2918 Ba-

261 2972 455 3007 conem
495 2951 771 3024 amplexus
812 2959 911 3019 est,
954 2958 1105 3004 tanto
1139 2949 1265 3003 odio
1296 2946 1575 3004 ferebatur
1613 2949 1664 3003 in
1697 2969 1794 3004 eos
1823 2947 2190 3022 philosophos,

261 3041 352 3113 qui
381 3041 434 3093 in
464 3039 707 3093 inanibus
738 3038 961 3093 rationis
991 3036 1440 3091 abstractionibus
1470 3036 1606 3089 mire
1635 3037 1735 3090 sibi
1764 3036 2079 3108 placebant;
2107 3035 2188 3089 in-

258 3136 346 3182 ter
388 3145 524 3199 quos
564 3126 862 3198 principem
905 3125 1083 3179 locum
1124 3124 1381 3178 tenebant
1409 3122 1861 3196 Francogallicae
1903 3141 2063 3196 quam
2106 3121 2187 3175 di-

261 3221 391 3268 cunt
427 3211 799 3286 philosophiae
839 3212 1215 3280 admiratoreS,
1259 3229 1489 3283 quorum
1517 3210 1571 3263 in
1603 3209 1895 3264 Germania
1933 3227 2187 3262 numerus

258 3299 405 3354 haud
436 3298 664 3372 exiguus
695 3299 962 3353 extiterat.
1047 3298 1197 3353 Huic
1226 3296 1599 3369 philosophiae
1638 3295 1850 3350 theismi
1879 3313 2074 3348 nomen
2106 3296 2186 3349 in-

259 3387 430 3442 ditum
470 3404 591 3440 esse
632 3384 783 3457 quasi
824 3403 925 3456 per
965 3383 1311 3455 antiphrasin,
1357 3403 1519 3456 quum
1558 3382 1718 3436 deum
1759 3380 1884 3434 nihil
1917 3402 2037 3436 esse
2067 3382 2184 3450 nisi,

255 3580 418 3615 nemo
460 3567 559 3628 est,
603 3559 692 3632 qui
737 3557 957 3613 nesciat.
1045 3557 1230 3618 Quare
1269 3556 1588 3610 Hamannus
1635 3554 1902 3610 Gallicum
1942 3555 2179 3629 philoso-
