2418 3854
1085 219 1163 280 51

295 399 452 460 Quae
482 415 644 470 quum
674 397 748 451 ita
778 396 897 466 sint,
929 405 1131 470 operae
1161 397 1393 468 pretium
1438 414 1545 449 non
1590 414 1710 449 esse
1754 395 1845 464 ait,
1889 395 1940 448 in
1985 392 2092 450 sin-

167 485 296 561 gula
326 482 724 538 Mendelssohni
756 491 935 536 errata
967 484 1271 536 accuratius
1313 483 1603 556 inquirere,
1647 501 1821 554 eaque
1864 501 2093 554 percen-

167 592 306 626 sere.
392 571 609 623 Etenim
654 569 932 641 pactiones
987 588 1333 642 quascunque
1377 568 1605 622 sociales
1658 567 1802 621 nullo
1849 567 1953 620 alio
1999 570 2094 623 niti

167 657 515 713 fundamento
561 656 660 709 nisi
702 653 959 708 facultate
1003 655 1221 727 morali,
1269 664 1529 728 quatenus
1573 653 1830 708 naturalis
1871 655 2094 708 rationis

167 746 431 799 humanae
473 761 600 795 usus
644 761 743 815 per
771 741 1179 796 instrumentum
1210 742 1374 814 ipsius
1403 739 1684 815 peculiare
1713 741 1746 795 i.
1779 761 1826 795 e.
1856 740 2096 814 linguam

169 829 239 884 ad
270 828 676 903 agnoscendum
708 826 908 901 aliquid
938 826 1173 882 sufficiat
1203 836 1258 882 et
1290 827 1614 882 necessitate
1655 827 1864 896 morali,
1908 835 2096 900 quate-

168 936 266 971 nus
298 935 380 985 ea,
412 934 552 988 quae
582 915 634 967 in
664 915 931 968 nobismet
960 914 1088 988 ipsis
1119 910 1529 988 agnoverimusJ
1564 931 1626 967 re
1659 910 1916 987 factoque
1947 933 2096 968 com·

165 1003 402 1077 probare
432 1001 670 1054 velimuS.
756 1001 1010 1054 Internae
1040 1001 1326 1056 voluntatis
1367 999 1789 1055 declarationem
1835 1001 2096 1055 extrinse-

169 1109 264 1145 cus
296 1088 641 1162 conspicuam
671 1088 791 1141 fieri
822 1088 1159 1159 potissimum
1204 1087 1397 1156 verbiS,
1442 1104 1582 1160 quae
1625 1086 1790 1141 veluti
1832 1086 2098 1141 naturalia

169 1194 422 1230 sensuum
458 1183 766 1227 nostrorum
797 1175 953 1246 signa
984 1173 1127 1227 idem
1159 1175 1263 1227 sint
1294 1193 1415 1227 cum
1455 1172 1626 1228 factiS.
1674 1173 1781 1234 Qui
1824 1192 1955 1227 vero
2002 1193 2096 1228 co·

168 1262 486 1337 gitationem
517 1279 548 1313 a
577 1257 734 1318 factox
755 1269 1020 1329 secernat,
1051 1280 1173 1314 eum
1203 1280 1303 1334 pro
1336 1260 1599 1315 arbitratu
1628 1279 1759 1328 suo,
1808 1260 1899 1333 qui
1942 1268 2096 1314 natu-

168 1368 263 1403 rae
292 1345 603 1402 nullomodo
637 1356 1028 1400 consentaneus
1058 1349 1141 1415 sit,
1173 1347 1448 1400 societatis
1490 1365 1844 1420 quaecunque
1887 1346 2099 1401 vincula

170 1434 465 1502 dissolvere
495 1432 738 1506 intelligi.
811 1434 872 1486 In
907 1453 1012 1506 quo
1043 1452 1220 1506 neque
1247 1432 1510 1514 methodi,
1541 1452 1648 1506 qua
1677 1433 1758 1487 ius
1788 1432 1931 1487 istud
1960 1431 2097 1487 falso

167 1531 394 1576 naturae
425 1520 640 1572 nomine
671 1519 995 1592 appellatum
1026 1519 1370 1593 explanetur,
1413 1539 1590 1593 neque
1634 1516 1937 1573 officiorum
1983 1519 2099 1574 adi-

168 1606 337 1683 gendi
365 1604 500 1659 falso
532 1605 940 1678 explicatorum,
964 1626 1141 1680 neque
1169 1604 1493 1674 officiorum,
1517 1625 1657 1679 quae
1681 1607 1950 1661 nobismet
1971 1607 2099 1679 ipsis

170 1703 225 1749 et
255 1713 395 1768 quae
425 1692 539 1745 aliis
569 1692 892 1764 praestanda
924 1694 1044 1761 sint,
1075 1693 1216 1746 inter
1244 1712 1304 1746 se
1334 1692 1708 1765 pugnantium,
1740 1710 1916 1764 neque
1948 1690 2100 1747 deni-

170 1800 274 1855 que
306 1778 629 1846 discordiae,
661 1798 800 1852 quae
831 1779 1072 1833 obtineat
1099 1779 1241 1833 inter
1268 1779 1386 1832 iura
1416 1778 1594 1832 divina
1628 1786 1684 1832 et
1709 1777 1826 1831 iura
1851 1778 2101 1849 humana,

170 1867 435 1922 rationem
465 1864 690 1938 amplius
722 1865 881 1919 ullam
911 1885 1033 1919 esse
1071 1864 1392 1919 habendam.
1479 1865 1658 1918 Recte
1697 1864 1916 1938 quidem
1961 1865 2101 1921 haec

169 1954 515 2017 Hamannus3
547 1952 761 2019 etenim,
795 1961 855 2006 ut
884 1952 1011 2024 ipsis
1044 1953 1157 2005 eius
1187 1951 1366 2006 verbis
1397 1960 1544 2005 utar:
1573 1949 1725 2019 „Das
1770 1970 1946 2025 ganze
1988 1953 2099 2006 Pe-

171 2039 634 2112 nelopengewebe
675 2036 806 2092 lauft
849 2036 944 2091 auf
985 2037 1072 2092 die
1101 2037 1508 2111 Behendigkeit
1546 2036 1753 2106 hinauS,
1789 2036 1949 2111 jedes
1993 2058 2100 2093 von

171 2125 298 2180 dem
343 2123 546 2177 andern
591 2124 1214 2179 unzertrennliche
1256 2124 1420 2178 Eins
1481 2121 1737 2179 zweifach
1783 2124 2101 2180 erscheinen

171 2211 284 2267 und
313 2209 603 2265 wiederum
636 2211 780 2284 flugs
815 2211 867 2264 in
900 2210 1159 2264 einander
1185 2209 1345 2277 fallen
1377 2229 1445 2265 zu
1473 2211 1703 2264 lassen.“
1735 2207 1890 2284 (VII,
1923 2210 2055 2289 38.)

297 2298 419 2352 Jam
451 2317 581 2350 vero
615 2315 754 2365 cum,
786 2298 875 2370 qui
905 2297 1178 2351 civitatem
1209 2305 1451 2370 opponat
1483 2296 1766 2365 ecclesiae,
1809 2298 2003 2354 mirum
2046 2299 2101 2352 in

172 2383 394 2439 modum
416 2383 663 2437 notiones
694 2382 1027 2438 confundere
1059 2403 1124 2438 ac
1153 2402 1377 2457 prorsus
1407 2384 1606 2456 inepte,
1634 2383 2101 2453 inconvenienter-

175 2490 281 2545 que
309 2471 573 2524 internam
616 2470 1003 2524 beatitudinem
1035 2471 1102 2523 ab
1135 2478 1359 2525 externa
1389 2490 1526 2543 pace
1558 2478 1614 2523 et
1642 2469 1874 2524 humana
1904 2491 1935 2525 a
1967 2471 2100 2526 divi-

172 2558 253 2611 nis
284 2575 572 2610 secernere
602 2557 719 2629 quis
749 2577 854 2610 non
888 2556 1103 2611 videat?
1149 2556 1324 2618 Quam
1354 2556 1406 2610 in
1437 2557 1753 2610 sententiam
1784 2557 2103 2631 accipienda

174 2651 298 2697 sunt
325 2642 413 2695 illa
441 2644 740 2696 Hamanni:
771 2642 1174 2717 „Handlungen
1208 2642 1348 2697 ohne
1393 2644 1784 2717 Gesinnungen
1827 2644 1940 2699 und
1986 2647 2100 2700 Ge—

175 2730 476 2801 sinnungen
508 2729 647 2783 ohne
676 2729 1043 2804 Handlungen
1075 2729 1192 2783 sind
1225 2730 1344 2783 eine
1387 2729 1698 2803 Halbirung
1740 2749 1947 2804 ganzer
1988 2731 2100 2786 und

171 2815 495 2888 lebendiger
513 2815 785 2870 Pflichten
815 2817 867 2871 in
899 2817 1032 2870 zwei
1058 2815 1213 2870 todte
1240 2813 1480 2871 Ha'lften.
1525 2817 1701 2871 Wenn
1722 2818 2099 2891 Bewegungs-

107 2894 112 2897 ⁸
174 2901 390 2976 griinde
420 2901 579 2955 keine
606 2901 1132 2976 Wabrheitsgriinde
1159 2902 1315 2956 mehr
1354 2903 1469 2957 sein
1513 2901 1705 2957 diirfen
1751 2902 1858 2956 und
1902 2903 2098 2959 Wahr-

174 2986 528 3062 heitsgriinde
559 3007 626 3042 zu
653 2987 1254 3062 Bewegungsgriinden
1283 2990 1471 3043 weiter
1498 2989 1671 3043 nichts
1699 2998 1921 3062 taugen,
1946 3010 2100 3046 wenn

177 3074 273 3128 das
302 3076 505 3131 Wesen
536 3094 658 3127 vom
686 3074 1105 3148 nothwendigen
1133 3074 1435 3129 Verstande
1464 3073 1574 3128 und
1605 3074 1693 3128 die
1722 3072 2101 3132 Wirklichkeit

176 3156 633 3234 v0m22uf511i‘gen
674 3161 869 3216 Willen
914 3161 1182 3237 abhangt,
1226 3179 1286 3213 so
1342 3160 1470 3214 hort
1525 3160 1626 3215 alle
1683 3162 1945 3234 giittliche
1988 3164 2097 3218 und

178 3247 538 3301 menschliche
593 3247 813 3301 Einheit
867 3245 963 3301 auf
1009 3248 1063 3300 in
1122 3246 1512 3320 Gesinnungen
1556 3246 1667 3300 und
1710 3250 2097 3323 Handlungen.

177 3332 298 3387 Der
325 3333 480 3387 Staat
508 3333 641 3389 wird
670 3334 756 3387 ein
778 3333 1002 3406 Kiirper
1029 3331 1172 3387 ohne
1205 3333 1363 3387 Geist
1389 3331 1499 3387 und
1528 3332 1737 3401 Lehen,
1769 3336 1851 3388 ein
1875 3325 1982 3390 Aas
2012 3334 2100 3390 fiir

184 3417 364 3485 Adler,
394 3417 482 3472 die
509 3419 717 3475 Kirche
748 3421 834 3475 ein
864 3421 1139 3494 Gespenst
1168 3419 1308 3474 ohne
1337 3419 1556 3475 Fleisch
1587 3420 1695 3474 und
1724 3422 1916 3475 Βεὶη.ις

304 3504 588 3559 Erravisse
614 3507 784 3580 igitur
813 3515 999 3562 censet
1024 3507 1341 3562 Hamannus
1370 3505 1870 3575 Mendelssohnum,
1901 3508 1991 3581 qui
2022 3509 2097 3564 ci-

179 3590 399 3646 vitatem
442 3589 571 3663 quid
625 3593 855 3648 sentiant
905 3594 1052 3649 cives
1095 3613 1203 3648 non
1247 3592 1537 3648 admodum
1597 3611 1790 3647 curare
1832 3596 2095 3650 statuerit.

1519 3677 1593 3731 4*
