2418 3854
1180 213 1263 276 72

254 390 546 466 mythicam
573 389 715 447 illam
745 397 802 444 et
828 388 1118 463 poeticam..
1142 390 1197 458 in
1238 388 1564 465 quibuslibet
1603 391 1955 466 religionibus
1984 393 2194 466 perspi-

257 490 432 534 cuam.
505 478 761 533 Omnium
815 475 1206 546 revelationum
1231 476 1446 532 ⁷nullam
1486 486 1598 532 tam
1650 487 1803 533 arcte
1857 479 1931 534 ad
1982 487 2196 535 nostras

256 567 400 624 vires
430 565 753 638 cupiditates
784 571 841 617 et
879 563 1110 620 affectus
1152 564 1622 634 accommodatam
1652 584 1804 634 esse,
1852 585 2012 639 quam
2054 565 2197 620 chri-

256 653 502 721 stianam,
546 670 686 725 quae
714 658 941 705 naturae
971 649 1255 705 doctrinae
1283 651 1498 724 legibus
1542 650 1767 705 rationis
1799 659 1856 706 et
1883 653 2014 710 vivis
2042 653 2199 706 vivae

258 739 624 813 experientiae
655 728 1090 806 conclusionibus
1121 737 1379 809 adaptata
1407 737 1478 791 sit
1509 733 1670 810 (ibid.
1705 737 1901 813 330.)
1954 740 2199 806 Granum

258 825 405 894 illud,
437 824 507 878 de
538 824 734 898 quoin
760 823 909 878 libris
939 823 1108 880 sacris
1138 842 1318 890 sermo
1349 824 1447 892 sit,
1486 823 2114 897 anthropomorphoseos
2144 833 2201 880 et

258 913 652 987 apotheoseoS‚
710 909 859 983 quod
899 910 954 965 in
1005 919 1234 984 pectore
1285 910 1522 983 omnium
1558 910 1884 984 religionum
1924 911 2200 968 occlusum

258 1007 535 1068 teneatur,
574 996 947 1071 magnitudine
988 996 1078 1052 hic
1118 997 1329 1051 arboris
1369 997 1697 1072 cognitionis
1730 1006 1786 1053 et
1813 999 1957 1053 vitae
1984 998 2199 1071 praedi-

258 1096 371 1142 tum
414 1104 699 1159 apparere.
789 1084 996 1138 Omnes
1054 1082 1432 1157 philosophiae
1492 1083 1795 1139 discordias
1854 1085 2202 1157 compositas,

259 1172 546 1246 omniaque
575 1180 803 1226 naturae
844 1178 1066 1225 nostrae
1097 1171 1420 1245 'aenigmata
1460 1170 1670 1240 soluta,
1714 1190 1929 1226 omnem
1968 1171 2203 1244 denique

260 1260 649 1315 obscuritatem
676 1257 892 1312 termini
932 1276 966 1310 a
1006 1276 1113 1330 quo
1159 1266 1216 1312 et
1252 1258 1467 1312 termini
1506 1258 1579 1312 ad
1616 1278 1777 1332 quem
1816 1259 1968 1313 verbi
1997 1259 2051 1323 in
2082 1276 2201 1315 car-

257 1368 386 1403 nem·
410 1345 674 1401 immutati
702 1344 898 1400 codice
924 1341 1171 1418 fugatam
1200 1363 1339 1400 esse.

371 1434 550 1488 Verae
588 1431 869 1506 religionis
907 1431 1186 1504 ingenium
1226 1440 1392 1504 atque
1430 1430 1669 1486 indolem
1710 1431 1764 1486 in
1803 1431 1992 1487 intimo·
2032 1429 2203 1486 corde

259 1522 410 1578 cerni
450 1520 599 1595 quod
637 1539 670 1573 e
711 1518 868 1576 coelo
914 1518 1202 1573 oriundum
1248 1518 1344 1588 sit,
1396 1517 1855 1592 quemadmodum
1893 1526 1951 1574 et
1990 1517 2204 1581 coelum

261 1610 379 1664 vice
407 1627 569 1664 versa
595 1607 650 1661 in
679 1607 867 1660 intimo
898 1605 1070 1660 corde
1097 1605 1335 1679 positum
1363 1606 1447 1672 sit,
1516 1606 1646 1660 Non
1675 1605 2017 1675 ceremoniis,
2032 1604 2203 1675 .votis,

257 1695 538 1751 sacrificiis
570 1712 710 1768 quae
738 1693 893 1748 Deus
924 1692 992 1746 ab
1019 1686 1326 1748 hominihus
1368 1702 1659 1765 exposcat,
1702 1693 2044 1761 Christianae
2071 1692 2203 1746 bea-

259 1782 500 1840 titudinis
529 1779 848 1855 mysterium
888 1776 1067 1849 effici,
1105 1778 1206 1834 sed
1234 1779 1414 1852 potius
1455 1779 1538 1833 iis.
1561 1799 1701 1853 quae
1740 1778 1894 1836 Deus
1932 1779 1988 1833 in
2028 1777 2201 1834 homi-

259 1890 387 1925 num
430 1866 776 1924 commodum
826 1874 884 1921 et
922 1866 1262 1939 promiserit,
1305 1863 1600 1940 perfecerit
1638 1875 1694 1921 et
1730 1865 2049 1933 donaverit3
2092 1884 2203 1922 non

260 1958 495 2013 maximo
553 1964 610 2011 et
653 1953 975 2029 gravissimo
1029 1952 1316 2022 mandato,
1362 1952 1509 2026 quod
1559 1952 1799 2021 dederit,
1841 1951 1942 2007 sed
1990 1970 2200 2018 summo

260 2046 435 2114 bono,
494 2041 644 2117 quod
686 2040 995 2107 donaverit3
1036 2059 1144 2094 non
1195 2040 1539 2113 legislatione
1599 2049 1655 2095 et
1706 2039 1955 2097 doctrina
1991 2038 2203 2106 morali,

262 2151 403 2206 quae
433 2130 504 2185 ad
533 2130 793 2185 humanas
821 2136 1029 2182 tantum
1060 2127 1424 2201 cogitationes
1457 2135 1513 2181 et
1540 2127 1784 2181 actiones
1806 2134 2072 2199 spectent,
2098 2123 2202 2180 sed

263 2219 566 2274 divinorum
617 2214 889 2269 factorum
941 2212 1282 2288 perfectione
1342 2223 1398 2268 et
1453 2213 1872 2269 institutionibus
1915 2213 1983 2279 :in
2019 2212 2204 2285 ,Atotius

261 2305 447 2363 mundi
475 2305 703 2359 salutem
745 2300 995 2357 conditis.
1065 2301 1436 2374 Dogmaticen
1479 2309 1536 2354 et
1576 2300 1843 2356 ecclesiae
1880 2299 1994 2367 ius,
2032 2317 2202 2373 quum

261 2394 571 2467 pertineant
598 2388 938 2444 solummodo
970 2387 1042 2443 ad
1070 2387 1332 2462 publicaS,
1361 2387 1606 2441 homines
1638 2395 1694 2442 et
1723 2385 2006 2449 erudiendi
2036 2395 2093 2441 et
2114 2403 2201 2439 re.-

264 2479 431 2554 gendi
470 2477 643 2532 factas
685 2476 1046 2530 institutiones
1099 2495 1221 2529 esse
1278 2494 1345 2529 ea
1395 2473 1782 2528 dominantium
1833 2473 2058 2528 arbitrio
2103 2472 2202 2526 ob-

263 2567 441 2621 noxia.
517 2564 888 2626 Quamobrem
927 2561 1172 2635 publicas
1213 2561 1309 2614 has
1361 2560 1594 2614 visibiles
1625 2580 1691 2615 ac
1719 2569 1965 2615 terrenas
1993 2560 2218 2614 instita-¹

262 2655 440 2709 tiones
470 2670 648 2724 neque
678 2669 779 2723 pro
811 2649 1079 2723 religione
1110 2648 1447 2716 Christiana,
1490 2666 1669 2720 neque
1709 2667 1811 2720 pro
1841 2647 2104 2720 sapientia
2133 2640 2205 2700 de

264 2741 421 2796 coelo
454 2737 850 2807 descendente,
893 2734 995 2790 sed
1022 2755 1124 2808 pro
1164 2735 1395 2788 terrenis
1406 2775 1424 2803 ,
1467 2733 1745 2808 humaniS,
1793 2733 1879 2789 vel
1924 2732 2204 2789 diabolicis

262 2825 562 2884 secundum
589 2824 902 2897 imperium,
947 2841 1054 2895 quo
1094 2822 1208 2876 sive
1239 2821 1641 2891 ecclesiastico,
1682 2821 1795 2877 sive
1838 2820 1979 2876 civili
2008 2818 2202 2878 obstri—

265 2924 387 2971 ctae
414 2920 718 2982 teneantur,
748 2909 1026 2965 habendas
1057 2929 1195 2964 esse.

792 3112 1022 3168 Lz'terae
1067 3110 1320 3165 liberales
1362 3109 1669 3163 Hamanni.

379 3257 497 3314 Iam
525 3257 619 3326 iis,
660 3257 715 3310 in
746 3257 938 3329 quibus
978 3275 1186 3311 summa
1213 3254 1627 3311 Hamannianae
1659 3251 1729 3306 de
1758 3250 1868 3305 fide
1899 3248 2208 3304 Christiana

265 3347 551 3403 doctrinae
581 3343 820 3398 cernitur
859 3343 1202 3415 compositiS,
1247 3341 1454 3396 addere
1495 3341 1551 3394 in
1592 3339 1898 3394 universum
1938 3337 2025 3390 vix
2069 3354 2206 3409 opus

267 3434 455 3503 fuerit,
515 3430 664 3506 quod
704 3438 891 3484 nostro
933 3437 1192 3501 tanquam
1242 3428 1566 3500 principium
1617 3425 1787 3478 visum
1843 3423 1926 3478 sit.
2001 3424 2207 3489 Verum

270 3523 544 3587 enimvero
574 3535 792 3573 sensum
820 3513 902 3591 (i.
936 3535 983 3570 e.
1025 3514 1123 3569 das
1156 3511 1391 3590 Gefiihl)
1435 3511 1708 3567 statuebat
1751 3530 1873 3565 esse
1903 3510 2206 3571 intellectus

268 3608 439 3663 omnis
468 3605 816 3682 principium;
858 3611 914 3674 et
942 3601 1100 3666 sicuti
1129 3601 1182 3655 in
1224 3598 1584 3657 describenda
1616 3598 1728 3653 eius
1760 3598 1868 3653 vita
1899 3596 1969 3665 ad
1999 3597 2111 3652 hoc
2136 3595 2209 3654 ab
