2418 3854
1180 203 1262 266 62

368 382 436 438 In
473 381 581 437 hoc
622 400 753 437 vero
795 380 1120 450 certamine,
1164 381 1312 456 quod
1351 382 1671 437 Hamannus
1719 393 1907 439 contra
1955 383 2183 442 demon—

256 469 462 527 strandi
491 468 782 536 libidinem,
825 486 932 541 qua
962 476 1178 542 captum
1209 489 1330 523 esse
1360 468 1580 523 videbat
1607 469 1779 524 virum
1806 472 1992 527 Wolfii
2022 471 2183 533 disci·

258 557 437 634 plinae
475 556 769 630 penultimo
805 551 1078 609 faventem
1117 564 1174 609 et
1203 565 1394 610 contra
1422 555 1707 610 theismum
1738 575 1771 609 e
1799 557 2186 632 Francogallia

257 643 571 699 translatum
613 660 678 694 ex
709 659 888 714 eoque
927 643 1237 695 necessario
1268 640 1629 714 prodeuntem
1671 642 1890 698 liberius
1920 645 1991 700 de
2020 646 2184 700 rebus

255 730 448 785 divinis
477 726 742 782 sentiendi
772 747 838 782 ac
868 726 1175 801 disputandi
1204 729 1468 782 rationem
1498 728 1764 800 suscepit,
1810 730 1972 803 inque
2000 732 2186 787 acerbi

257 826 313 872 et
339 815 645 871 meditantis
666 814 900 868 irrisoris
933 812 1099 889 („mit
1119 813 1462 887 iiberlegtem
1484 814 1826 887 Nachspott“
1854 817 1978 885 VII,
2010 818 2183 895 123.)

253 921 496 971 munere,
539 900 687 975 quod
717 900 976 954 adversus
1007 919 1122 969 eoS,
1167 900 1259 973 qui
1289 900 1685 974 metaphysicas
1715 903 2061 975 quaestiones
2090 925 2186 959 au-

253 990 380 1046 xilio
418 996 626 1043 tantum
667 987 890 1041 rationis
931 987 1229 1041 communis
1270 986 1557 1041 solvendas
1607 998 1919 1058 censerent,
1972 986 2186 1059 functus

255 1085 355 1146 est,
398 1073 596 1150 fugere
626 1093 748 1128 eum
779 1092 885 1127 non
916 1082 1151 1148 poterat,
1195 1093 1302 1148 qua
1339 1074 1479 1129 tristi
1516 1075 1711 1130 literae
1742 1076 2047 1132 calamitate
2087 1097 2185 1152 op-

252 1182 478 1239 pressae
507 1162 767 1216 iacerent.
1380 1179 1381 1182 ¹

369 1247 485 1304 Sed
515 1248 755 1322 quamvis
795 1245 849 1300 in
880 1246 1157 1302 erroribus
1187 1244 1486 1302 refutandis
1516 1257 1573 1303 et
1598 1249 1829 1303 veritate
1869 1249 2188 1311 reducenda

253 1338 307 1392 in
335 1337 586 1392 minutias
619 1332 726 1408 (id,
771 1333 919 1407 quod
947 1334 1066 1407 ipse
1096 1335 1191 1388 abs
1222 1353 1284 1388 re
1313 1354 1374 1388 se
1402 1331 1599 1389 fecisse
1629 1334 1736 1411 ait)
1761 1335 1815 1411 *)
1858 1335 1947 1391 hic
1976 1336 2084 1392 illic
2112 1338 2189 1393 ita

253 1424 466 1492 abierit,
510 1430 569 1477 ut
596 1420 884 1477 Herderus
926 1439 1050 1475 eum
1089 1430 1281 1494 postea
1325 1421 1506 1490 etiam,
1548 1441 1618 1476 ne
1658 1422 1712 1476 in
1742 1423 2038 1495 pristinam,
2081 1441 2190 1498 qua

253 1532 286 1566 a
314 1521 468 1566 recto
508 1509 701 1563 virium
741 1526 960 1562 suarum
995 1527 1097 1561 usu
1135 1507 1516 1581 prohibeatur,
1561 1509 2007 1565 consuetudinem
2045 1511 2187 1565 reci-—

254 1597 429 1666 deret,
471 1594 798 1650 monendum
829 1593 1074 1661 duxerit3
1115 1603 1297 1649 tamen
1329 1594 1758 1668 philosophando
1789 1596 1845 1650 id
1875 1606 2028 1652 certe
2057 1616 2188 1652 con-

253 1693 471 1740 secutus
511 1691 610 1750 est,
655 1692 903 1755 utquam
943 1681 1252 1735 necessaria
1283 1690 1428 1735 esset
1456 1681 1830 1755 philosophiae
1870 1684 2189 1754 immutatio,

254 1773 342 1828 cui
382 1768 707 1825 succederet
746 1767 1030 1823 cuiuslibet
1068 1767 1327 1841 deinceps
1359 1767 1673 1841 disciplinae
1704 1771 2008 1839 conversi0,
2053 1770 2187 1825 divi·

251 1877 384 1913 nare
429 1877 553 1911 eum
591 1865 648 1910 et
686 1864 878 1928 optare
921 1864 1220 1928 oporteret.
1310 1855 1696 1924 Quamobrem,
1740 1875 1905 1929 quum
1949 1876 2015 1912 ex
2058 1876 2184 1931 per·

250 1945 431 2001 multis
460 1944 574 1998 istis
603 1941 978 2016 philosophiae
1008 1940 1301 2014 disciplinis
1332 1950 1387 1995 et
1416 1943 1752 2015 argumentis
1785 1942 2030 1998 adhiberi
2060 1942 2187 1999 soli—

250 2034 320 2089 tis
351 2029 786 2086 demonstrativis
826 2029 1034 2083 ruinam
1072 2029 1359 2083 universae
1411 2027 1686 2083 literarum
1728 2029 2060 2104 reipublicae
2089 2031 2188 2085 im*

249 2120 458 2175 minere
487 2116 700 2171 videret
729 2135 795 2170 ac
823 2115 1101 2170 literarum
1129 2114 1439 2171 anarchiam
1484 2116 1536 2169 in
1566 2135 1794 2185 summo,
1845 2135 1953 2191 quo
1994 2134 2188 2191 perve-
2216 2128 2219 2129 ’

251 2207 370 2262 nire
397 2213 586 2279 posset
605 2201 828 2277 fastigio
850 2203 1157 2257 constitisse
1176 2212 1412 2275 putaret,
1440 2202 1586 2256 unde
1609 2213 1889 2276 apostema
1903 2202 2188 2277 *quoddam

253 2302 568 2349 exorturum
598 2310 719 2345 esse
749 2289 1033 2358 divinaret,
1077 2289 1350 2364 ingruenti
1379 2289 1540 2358 malo,
1571 2299 1826 2362 quantum
1857 2290 1908 2345 in
1938 2291 2058 2363 ipso
2087 2310 2189 2366 po·

251 2382 415 2436 situm
444 2388 606 2446 esset,
649 2377 862 2449 scriptis
893 2395 1226 2450 praecavere
1257 2376 1400 2450 apud
1432 2396 1492 2430 se
1523 2376 1781 2432 decrevit.
1836 2374 1974 2451 (III,
2010 2375 2185 2454 144.)

253 2472 432 2541 Atque
483 2465 623 2519 hanc
676 2462 897 2537 quidem
938 2482 971 2517 a
1011 2464 1303 2518 Hamanno
1353 2462 1643 2517 divinatam
1694 2462 2188 2536 philosophicarum

254 2554 570 2628 opinionum
601 2552 1010 2605 couversionem
1040 2558 1205 2623 atque
1233 2550 1658 2604 immutationem
1690 2570 1721 2603 a
1743 2550 1947 2603 Kantio
1971 2550 2188 2605 omnino

250 2638 556 2716 perfectam
596 2658 717 2692 esse
761 2646 999 2704 constat3
1057 2636 1128 2691 de
1168 2655 1275 2710 quo
1317 2636 1430 2690 viro
1474 2656 1539 2690 ea
1577 2637 1778 2691 afferre
1816 2637 2003 2706 liceat,
2047 2656 2188 2711 quae

252 2726 526 2783 Michelet.
556 2726 699 2779 Hist.
731 2724 857 2798 phil.
887 2733 926 2778 t.
955 2724 1002 2792 I,
1034 2723 1133 2778 32.
1173 2723 1281 2776 huc
1311 2723 1632 2795 pertinentia
1665 2722 1823 2777 dixit:
1877 2724 2188 2792 „Kant‘be-

250 2813 526 2870 leuchtete
547 2810 705 2886 jenes
736 2810 985 2881 endliche
1012 2810 1311 2864 Erkennen
1350 2810 1446 2863 mit
1474 2808 1575 2863 der
1602 2810 1811 2864 Fackel
1837 2808 2032 2864 ‹seiner'
2056 2810 2188 2865 Kri-

250 2903 361 2969 tik3
413 2899 525 2955 und
563 2897 819 2954 wiihrend
861 2916 924 2951 er
963 2896 1158 2951 dessen
1200 2896 1607 2951 Unternehmen
1659 2895 1746 2950 fiir
1784 2895 2187 2952 unzureichend

254 2989 509 3056 erkliirte,
552 2987 762 3040 riiumte
804 3003 866 3038 er
904 2982 1155 3058 zugleich
1196 2981 1305 3052 auf,
1349 3002 1456 3037 was
1499 3002 1567 3036 an
1607 2984 2024 3038 Bruchstiicken
2061 2983 2187 3038 mis-

254 3075 510 3151 gliickter
537 3070 1004 3146 metaphysischer
1030 3069 1309 3125 Versuche
1339 3069 1440 3124 der
1469 3069 1666 3126 Schutt
1693 3089 1796 3124 von
1818 3068 2187 3124 Jahrhunder-

252 3172 344 3219 ten
390 3158 687 3234 angehiiuft
726 3159 892 3214 hatte.
993 3157 1352 3231 Ueberhaupt
1405 3156 1525 3211 sind
1576 3177 1663 3211 am
1705 3154 1953 3230 Anfange
1998 3154 2191 3212 'dieser

367 3330 414 3380 *)
442 3330 596 3370 Exstat
623 3327 834 3367 Hamanni
864 3327 919 3366 ad
937 3327 1176 3368 Herdernm
1206 3328 1310 3368 hoc:
1341 3327 1440 3380 (ΙΙΙ,
1460 3322 1585 3374 324.)
1613 3326 1727 3369 Dass
1758 3325 1827 3364 ich
1857 3335 1913 3364 zu
1941 3325 2083 3366 nichts
2114 3326 2193 3368 auf

256 3406 334 3447 der
360 3403 487 3444 Welt
516 3400 667 3442 Gottes
688 3400 817 3455 ‚mehr
845 3402 992 3451 tange,
1021 3401 1187 3439 wissen
1218 3400 1305 3439 Sie.
1335 3400 1413 3438 Ich
1443 3399 1617 3438 schicke
1646 3397 1756 3437 mich
1788 3408 1836 3436 so
1866 3403 1946 3451 gut
1973 3399 2044 3439 ich
2073 3400 2190 3440 kann

254 3478 302 3517 in
339 3477 484 3517 dieses
520 3473 665 3513 kleine
703 3469 930 3525 Ungliick,
972 3470 1050 3509 das
1086 3471 1166 3509 mir
1202 3469 1472 3523 wenigstens
1511 3471 1622 3508 daza
1661 3468 1815 3508 dienen
1852 3470 1990 3524 kann,
2031 3468 2191 3513 andere

256 3549 393 3588 durch
422 3547 593 3587 meinen
614 3545 815 3585 Schaden
844 3553 900 3583 zu
927 3553 1108 3584 wax-nen
1137 3543 1228 3584 und
1255 3552 1328 3582 wo
1359 3554 1407 3583 es
1436 3540 1620 3594 mfiglich
1650 3540 1721 3594 ist,
1753 3541 1829 3581 auf
1846 3537 2192 3596 Kleinigkeiten

259 3621 544 3660 aufmerksam
575 3629 630 3658 zu
660 3618 853 3657 macheu.
