2418 3854
1198 171 1281 233 24

283 362 350 397 ea
377 344 762 419 interpretetur
790 353 952 419 atque
980 364 1041 400 se
1068 346 1244 420 ipsum
1272 346 1516 421 aliosque
1551 347 1743 404 iisdem
1780 350 1835 404 in
1864 350 2053 406 melius
2079 365 2202 406 mu*

280 438 376 485 tet.
465 433 588 494 Quo
630 431 832 488 factum
871 441 970 502 est,
1013 441 1075 488 ut
1101 434 1299 508 singuli
1336 433 1596 488 librorum
1623 454 1902 492 sacrorum
1938 437 2046 492 loci
2072 457 2197 511 pas·-

281 517 384 571 sim
410 537 594 573 ansam
625 521 674 573 ei
701 520 1090 598 praebuerint
1074 540 1130 575 m
1157 521 1335 575 libello
1366 522 1435 575 ab
1461 540 1528 575 eo
1554 523 1860 596 conscripto
1891 521 2198 599 (Bibliscbe

280 604 725 679 Betrachtungen
756 607 903 661 eines
934 606 1186 662 Christen
1215 609 1261 675 Ι,
1294 609 1372 661 52
1404 607 1462 662 ff
1465 607 1497 684 )
1542 609 2018 681 interpretationis
2041 611 2198 684 inge-

280 691 468 745 niosae
506 701 668 765 atque
709 692 1039 768 allegoricae
1078 692 1440 767 proferendae
1479 695 1885 769 sapientiaeque
1909 697 2200 773 singularis

280 777 333 830 in
365 777 697 834 enucleanda
724 781 990 835 sententia
1018 779 1405 835 ostendendae.
1477 781 1798 836 Universam
1826 793 2007 839 autem
2032 785 2199 841 inter-

278 865 640 938 pretationem
667 867 824 940 tegit,
854 866 1003 940 quod
1031 866 1267 939 perspici
1295 885 1402 920 non
1433 875 1631 939 potest,
1660 869 1814 941 quasi
1845 869 2201 927 velamentum

74 951 81 962 ⁴
180 972 181 975 ¹
278 969 443 1006 verae
483 951 629 1022 fidei,
672 972 842 1026 quare
879 953 1183 1007 accuratius
1219 953 1388 1007 verba
1428 952 1498 1008 de
1542 974 1608 1009 ea
1636 952 1821 1011 facere
1863 975 1971 1011 non
2011 976 2201 1030 possu-

279 1057 397 1091 mus
410 1079 425 1106 ,
471 1047 636 1113 atque
677 1037 822 1094 haud
861 1037 1020 1094 facile
1060 1049 1144 1094 est
1183 1039 1251 1094 ad
1293 1039 1719 1115 intelligendum,
1751 1062 1856 1116 qua
1885 1043 2096 1098 ratione
2134 1063 2203 1099 ex

277 1143 410 1179 vera
450 1126 553 1180 ista
592 1125 720 1194 fide,
764 1127 864 1180 nisi
904 1126 1022 1199 quis
1064 1126 1282 1201 agendo
1325 1128 1488 1182 etiam
1529 1147 1589 1183 se
1628 1129 1830 1184 bonum
1870 1130 2202 1203 probaverit,

277 1213 572 1266 auctoritas
600 1214 947 1286 semetipsum
976 1212 1091 1267 aliis
1119 1214 1397 1269 meliorem
1428 1215 1683 1270 censendi
1724 1217 1991 1291 originem
2020 1216 2204 1286 ducat,

278 1299 369 1373 qui
409 1298 459 1353 in
502 1300 730 1354 miseriis
780 1299 1280 1375 calamitatibusque
1331 1311 1388 1356 et
1429 1302 1630 1376 ubique
1680 1303 1900 1377 agendo
1952 1304 2203 1359 virtutem

275 1386 680 1459 praestiterunt.
720 1418 804 1428 —
860 1387 965 1442 Est
1003 1397 1184 1442 autem
1226 1388 1434 1442 libellus
1473 1389 1576 1444 iste
1605 1409 1783 1464 neque
1813 1389 1961 1465 quod
1989 1389 2061 1445 ad
2088 1388 2203 1444 for-

275 1492 434 1542 mam,
479 1493 656 1547 neque
687 1473 835 1548 quod
865 1473 935 1528 ad
965 1485 1344 1549 argumentum
1372 1476 1609 1548 pertinet
1643 1476 1782 1546 talis,
1826 1477 1996 1551 qualis
2025 1476 2203 1532 consi-

275 1559 613 1616 derationem
644 1560 961 1634 ampliorem
992 1563 1248 1636 requirat,
1278 1562 1376 1617 sed
1406 1572 1700 1636 propterea
1728 1572 1937 1619 tantum
1965 1576 2204 1619 comme-

274 1648 578 1701 moratione
607 1666 715 1702 non
744 1647 1016 1722 indignus,
1060 1649 1209 1722 quod
1237 1650 1561 1723 proponitur
1587 1651 1641 1704 in
1672 1669 1739 1706 eo
1769 1650 1899 1706 fidei
1926 1659 2204 1725 tamquam

274 1753 484 1802 norma,
529 1754 689 1807 quam
718 1753 862 1804 mox,
905 1744 967 1790 ut
994 1745 1268 1810 proponat
1295 1745 1351 1791 et
1379 1735 1541 1809 paulo
1571 1746 1764 1810 postea
1794 1738 2039 1812 corrigat
2066 1735 2203 1794 mul·‘

273 1818 617 1895 tifariamque
659 1822 964 1878 accuratius
1005 1822 1243 1892 definiat,
1286 1822 1544 1897 impulsus
1575 1832 1659 1879 est
1685 1825 1879 1879 mentis
1907 1823 2091 1879 indole
2120 1834 2202 1880 at—

275 1927 381 1982 que
421 1917 639 1976 natura,
697 1928 802 1982 qua
841 1911 1080 1983 suscepit
1116 1909 1311 1980 fidem,
1364 1929 1525 1983 quam
1568 1910 1780 1980 dicunt,
1826 1911 2203 1969 Christianam.

274 1996 436 2050 Hanc
467 1994 735 2069 religione
764 1995 1022 2050 imbutam
1052 2016 1118 2051 ac
1138 2016 1314 2070 paene
1335 1996 1606 2070 impletam
1630 2007 1883 2067 mentem,
1911 2016 2018 2073 qua
2039 1997 2204 2054 deum

275 2083 696 2156 amplecteretur
733 2092 988 2156 respectu
1029 2083 1271 2156 inprimis
1311 2084 1495 2138 habito
1536 2084 1698 2140 libelli
1739 2082 1895 2158 hujus
1934 2085 2092 2159 primi
2132 2086 2201 2139 ab

274 2171 565 2225 Hamanno
596 2170 799 2243 scripti,
845 2168 1113 2224 declarari
1141 2170 1533 2244 philosophiae,
1577 2190 1717 2244 quae
1759 2173 1826 2226 ab
1858 2172 2003 2227 omni
2041 2170 2203 2227 disci-

273 2257 418 2330 plina
450 2265 505 2312 et
533 2256 719 2311 schola
749 2257 782 2311 i.
815 2277 862 2312 e.
894 2258 962 2311 ab
994 2258 1198 2312 unitate
1229 2267 1285 2312 et
1313 2259 1666 2313 continuitate
1696 2258 1887 2314 abesse
1916 2257 2132 2328 debeat,
2172 2277 2207 2313 a

275 2344 563 2398 Friderico
595 2343 907 2417 Schlegelio
941 2341 1271 2419 (Schlegel's
1302 2344 1590 2399 deutsches
1618 2345 1865 2400 Museum
1894 2345 2018 2400 3tes
2045 2345 2205 2401 Buch

276 2431 335 2485 S.
369 2432 446 2486 33
482 2431 571 2508 ff.)
615 2450 894 2499 summam,
938 2431 1132 2488 mirum
1175 2441 1259 2486 est
1295 2442 1556 2505 tantoque
1594 2433 1771 2505 magis
1800 2432 2012 2500 mirum,
2055 2430 2204 2506 quod

273 2519 591 2573 Hamannus
633 2518 703 2572 ad
740 2517 994 2572 tuendam
1040 2518 1207 2574 fidem
1245 2538 1397 2573 suam
1438 2519 1797 2573 Christianam
1834 2519 2106 2574 inimicum
2143 2538 2206 2573 se

278 2614 335 2658 et
365 2623 582 2659 osorem
612 2606 776 2659 totius
816 2606 931 2659 eius
959 2607 1220 2679 temporis
1258 2604 1631 2679 philosophiae
1660 2614 1942 2678 praestare
1975 2624 2205 2663 necesse

278 2710 344 2746 ac
374 2709 682 2746 mansurum
712 2711 834 2746 esse
861 2694 1084 2764 putavit.
1172 2690 1279 2767 (H.
1311 2693 1369 2748 S.
1399 2693 1445 2760 I,
1477 2693 1577 2761 54,
1610 2691 1742 2768 55.)

394 2778 532 2833 Inde
561 2779 767 2851 pariter
794 2789 957 2852 atque
988 2799 1055 2833 ex
1084 2779 1165 2847 iis,
1199 2797 1339 2852 quae
1370 2779 1440 2833 de
1469 2778 1559 2832 illo
1591 2797 1760 2851 opere
1790 2778 2018 2834 diximus
2042 2775 2204 2833 facile

280 2866 507 2940 intelligi
546 2874 754 2938 potest,
808 2876 1071 2939 quatenus
1112 2865 1407 2939 Schlegelii
1438 2863 1731 2938 judicium:
1784 2864 2205 2939 metaphysicam

281 2973 389 3007 non
419 2952 597 3026 aliquo
628 2961 920 3026 systemate
950 2953 1230 3020 contineri,
1260 2952 1358 3006 sed
1390 2972 1457 3007 ex
1487 2953 1710 3026 singulis
1727 2952 2000 3007 Hamanhi
2024 2950 2204 3021 dictis,

277 3058 470 3113 parum
502 3041 643 3093 inter
670 3059 730 3094 se
761 3040 1034 3107 connexiS‚
1065 3048 1334 3109 constare,
1362 3039 1544 3094 valere
1572 3040 1745 3112 possit
1771 3049 1934 3113 atque
1954 3038 2203 3112 probari;

280 3147 404 3180 nam
434 3128 478 3180 si
507 3128 840 3195 HamannuS,
870 3135 930 3181 ut
959 3125 1298 3200 Schlegelius
1330 3126 1477 3195 dicit,
1508 3126 1578 3183 de
1609 3127 1694 3182 via
1722 3124 2064 3200 systematica
2094 3143 2202 3198 qua

278 3214 546 3269 rationem
576 3221 912 3285 aucupantur
951 3210 1093 3288 (den
1123 3214 1334 3268 breiten
1361 3211 1933 3287 Vernunfttappenden
1961 3210 2205 3284 System-

274 3299 437 3377 weg)
481 3300 722 3367 deflexit,
765 3318 952 3353 sensus
991 3300 1204 3354 honesti
1242 3320 1309 3355 ao
1344 3300 1636 3374 religiosae
1675 3298 1832 3366 fidei,
1876 3296 2090 3352 silicet
2127 3298 2205 3353 ita

282 3389 485 3458 dicere,
528 3386 650 3441 voci
681 3386 989 3454 obsecutuS,
1031 3397 1184 3440 recte
1223 3385 1473 3458 profecto
1514 3387 1715 3440 alienus
1757 3385 1824 3438 ab
1856 3385 1999 3438 omni
2027 3384 2202 3458 philo-

282 3476 473 3549 sophia
510 3472 674 3529 fuisse
717 3471 929 3540 dicitur,
975 3491 1096 3526 cum
1138 3472 1477 3546 philosophia
1515 3471 1644 3525 nihil
1671 3471 1772 3525 nisi
1814 3469 1902 3525 dei
1932 3471 2202 3545 cognitio·

282 3583 404 3619 nem
436 3582 502 3618 ac
531 3560 631 3619 nisi
659 3559 870 3619 ratione
897 3557 1154 3618 radicitus
1184 3568 1441 3619 revocata
1479 3557 1551 3614 ad
1590 3565 1762 3614 artem
1802 3577 1868 3614 ac
1908 3565 2203 3633 praecepta
