2418 3854
1107 181 1190 242 29

183 358 490 427 referenda,
533 376 600 420 ex
641 358 854 432 scriptis
895 358 1009 412 eius
1048 357 1294 412 omnibus
1334 355 1585 412 facillime
1621 356 1978 413 demonstrari
2009 378 2107 433 po-

83 512 86 518 ,
183 457 308 517 test,
337 446 616 520 scriptoris
645 445 752 500 hoc
782 444 852 499 de
880 464 940 500 se
968 445 1100 517 ipso
1117 443 1373 498 iudicium
1401 446 1453 498 in
1485 444 1722 519 singulas
1745 454 1952 499 tantum
1976 465 2107 518 ope-

187 554 308 590 rum
347 551 568 601 suorum
607 540 790 604 partes
833 530 1131 604 quadrare,
1186 550 1319 604 quas
1361 531 1579 604 quidem
1622 551 1653 586 e
1695 539 1838 586 statu
1877 534 2108 587 maxime

188 619 464 694 singulari,
507 618 975 691 minutissimisque
1019 616 1089 671 de
1134 618 1308 671 causis
1351 617 1617 689 prodiisse
1662 619 1970 672 confitearis
2014 638 2108 672 ne-

188 726 343 763 cesse
372 706 456 773 sit,
500 705 599 759 sed
629 724 768 778 quae
799 705 849 758 ei
879 705 1150 759 obstitisse
1194 712 1357 776 atque
1398 704 1650 758 offecisse
1690 704 1837 773 dicit,
1883 703 2109 780 (Jacobi

188 793 222 848 l.
252 793 286 847 l.
320 790 494 867 205.)
528 792 810 865 quominus
840 810 1102 845 summam
1132 798 1188 845 et
1215 800 1274 844 ut
1302 791 1377 844 ita
1408 790 1603 859 dicam,
1646 790 1825 844 ideam
1865 792 1946 845 sui
1977 810 2109 865 ope-

188 880 263 933 ris
304 887 475 933 totam
516 878 954 950 amplecteretur,
999 885 1162 950 atque
1191 877 1466 946 retineret,
1512 877 1751 931 anxietas
1782 878 2047 949 quaedam
2078 898 2110 933 e

188 966 400 1034 morb0,
435 974 493 1019 ut
522 964 737 1018 videtur
764 962 1029 1036 profecta,
1062 963 1154 1017 diu
1183 983 1452 1037 nunquam
1480 963 1647 1018 valuit
1666 983 1768 1018 nec
1790 966 1975 1038 magni
1993 984 2110 1018 mo-

188 1053 356 1109 menti
386 1059 469 1105 est
496 1050 844 1105 aestimanda.
907 1049 1072 1110 Quod
1101 1059 1282 1104 autem
1311 1049 1556 1119 diximus,
1585 1051 1903 1123 scriptorem
1937 1053 2112 1124 ipsum

187 1158 298 1193 non
325 1147 435 1192 tam
464 1145 720 1191 accurate
749 1137 980 1191 sensisse
1010 1145 1174 1209 atque
1202 1138 1543 1210 perspexisse
1583 1137 1878 1206 consilium,
1922 1140 2111 1192 finem-

190 1245 314 1299 que,
359 1242 465 1298 quo
495 1222 749 1290 tenderit,
795 1224 1146 1292 confirmatur
1189 1224 1350 1276 etiam
1394 1220 1670 1278 sententia*
1702 1224 1803 1278 hac
1847 1245 1877 1278 a
1907 1226 2111 1279 Kantio

187 1311 427 1386 prolata:
474 1308 698 1384 (Kant’s
727 1310 909 1363 Kritik
939 1308 1040 1363 der
1067 1310 1199 1364 rein.
1229 1310 1392 1365 Vern.
1436 1310 1618 1365 Dritte
1647 1312 1788 1365 Aufl.
1844 1312 1901 1366 S.
1935 1311 2110 1387 370.)

360 1396 460 1451 Ich
487 1397 677 1450 merke
706 1415 792 1464 an,
824 1395 948 1450 dass
979 1416 1036 1450 es
1067 1415 1171 1469 gar
1198 1396 1372 1450 nichts
1403 1397 1891 1470 Ungcwiihnliches
1921 1399 2017 1467 sei,
2060 1400 2114 1453 in

276 1480 551 1538 Schriften
591 1482 763 1537 durch
807 1482 896 1536 die
939 1482 1347 1556 Vergleichung
1390 1482 1491 1537 der
1535 1484 1866 1549 Gedanken‚
1910 1485 2116 1541 welche

277 1570 364 1624 ein
393 1566 780 1624 Schriftsteller
807 1570 944 1622 iiber
971 1570 1158 1623 seinen
1192 1569 1549 1643 Gegenstand
1579 1571 1805 1637 {iussern
1836 1571 1925 1625 ibn
1949 1590 2118 1646 sogar

275 1657 467 1710 besser
506 1675 574 1709 zu
602 1655 905 1723 verstehen,
950 1655 1027 1721 als
1069 1675 1131 1708 er
1169 1655 1283 1709 sich
1320 1657 1488 1710 selbst
1524 1657 1790 1722 verstand,
1835 1657 2014 1711 indem
2057 1678 2119 1712 er

276 1744 463 1797 seinen
489 1742 716 1815 Begriff
734 1741 882 1795 nicht
910 1761 1212 1815 genugsam
1242 1743 1548 1796 bestimmte
1587 1742 1696 1810 und
1714 1743 1971 1799 ‘dadurch
2010 1745 2118 1799 bis-

276 1829 467 1885 weilen
507 1829 687 1883 seiner
721 1828 953 1901 eigenen
992 1828 1218 1882 Absicht
1255 1838 1533 1902 entgegen
1573 1829 1764 1884 redete
1806 1831 1942 1885 oder
1978 1831 2117 1887 auch

279 1915 494 1970 dachte.
566 1916 751 1975 Quare
780 1914 853 1983 id,
897 1914 1046 1988 quod
1075 1915 1125 1968 ei
1155 1935 1187 1968 a
1217 1916 1579 1988 compluribus
1611 1903 1817 1971 crimini
1848 1918 2008 1973 datur
2037 1928 2117 1974 at-

281 2022 389 2076 que
427 2003 813 2074 exprobratur,
868 2001 920 2055 in
961 2001 1349 2056 diversissimas
1387 2012 1572 2075 partes
1608 2003 1749 2057 trahi
1790 2024 1912 2058 eum
1954 2014 2117 2079 atque

281 2089 457 2143 fluere
499 2089 614 2142 sine
659 2087 880 2142 consilio
926 2107 991 2142 ac
1035 2088 1160 2156 fine,
1207 2086 1539 2162 (Gervinusz
1602 2091 1684 2145 Er
1725 2090 1850 2145 liess
1894 2092 2008 2147 sich
2051 2111 2119 2147 zu

280 2171 517 2229 hundert
546 2171 636 2249 (22)
669 2174 1049 2247 Flugbliittern
1091 2173 1262 2228 durch
1305 2174 1393 2230 die
1435 2175 1840 2250 unwiirdigsten
1869 2179 2119 2252 Kleinig-

280 2262 465 2317 keiten
495 2260 591 2314 des
605 2260 978 2314 Privatlebens
1009 2270 1318 2315 zerstreuen
1339 2262 1451 2316 und
1470 2263 1824 2336 zersplittern.
1857 2267 2118 2335 (S.437.)

279 2348 363 2405 Er
400 2345 604 2402 haftete
656 2348 711 2400 in
751 2347 936 2402 seinen
976 2347 1203 2401 Studien
1256 2346 1351 2403 auf
1386 2349 1561 2403 nichts
1601 2347 1734 2418 fest3
1791 2352 2119 2426 Theologie,

281 2431 884 2503 Rechtswissenschaft,
938 2434 1331 2504 Alterthiimer,
1396 2435 1600 2490 schone
1643 2437 2119 2508 wissenschaften,

282 2518 768 2577 Kaufmannschaft
828 2518 939 2575 und
995 2521 1139 2575 Alles
1194 2521 1481 2577 versuchte
1536 2542 1598 2577 er
1663 2523 1804 2578 ohne
1859 2520 2119 2581 Bestand.

288 2602 372 2687 (S.
404 2607 603 2684 439.))

201 2700 258 2748 et
285 2695 339 2748 in
369 2693 495 2748 inde
523 2693 770 2748 minutias
797 2694 997 2748 sectari
1026 2694 1242 2767 agendo
1275 2703 1330 2750 et
1360 2695 1674 2769 cogitando,
1719 2698 1987 2769 concidat,
2026 2718 2122 2754 ne-

201 2801 356 2837 cesse
387 2788 484 2834 est.
556 2781 740 2834 Mores
770 2790 951 2835 autem
981 2799 1047 2835 ac
1076 2790 1321 2835 naturam
1350 2782 1578 2837 hominis
1609 2783 1959 2859 eiusdemque
1987 2786 2122 2840 scri-

199 2868 371 2942 ptoris
401 2864 638 2940 disjungi
675 2866 762 2920 vix
790 2886 970 2940 posse,
1014 2868 1214 2940 quippe
1254 2889 1418 2942 quum
1446 2870 1718 2924 scribendi
1757 2873 1894 2926 ratio
1926 2891 1993 2926 ex
2021 2871 2112 2926 ho-

200 2955 357 3011 minis
398 2952 580 3007 indole
619 2972 783 3025 saepe
823 2953 1237 3026 explicationem
1274 2953 1432 3025 ferat,
1476 2976 1540 3011 ac
1569 2957 1803 3012 vicissim
1842 2977 2022 3013 mores
2054 2977 2123 3014 ex

201 3040 416 3115 scriptis
446 3039 796 3112 explicentur,
830 3040 937 3094 hoc
966 3040 1190 3114 dignum
1219 3050 1319 3110 est,
1364 3042 1513 3116 quod
1541 3042 1948 3115 diligentissima
1978 3045 2122 3119 quis-

203 3147 310 3201 que
350 3126 723 3200 disquisitione
761 3135 1131 3199 percontetur.
1217 3128 1382 3189 Quod
1410 3136 1472 3183 ut
1499 3148 1531 3182 a
1559 3129 1737 3183 multis
1775 3130 2122 3201 intellectum,

202 3214 279 3267 ita
308 3213 615 3269 acutissime
655 3211 736 3266 his
764 3213 945 3267 verbis
976 3232 1290 3286 expressum
1321 3223 1404 3270 est
1442 3215 1509 3268 ab
1539 3215 1690 3271 Alex.
1722 3215 1791 3270 de
1820 3218 2125 3273 Humboldt

204 3298 262 3353 in
300 3298 637 3372 praefatione
659 3299 860 3372 roperis
902 3297 1082 3354 fratris
1128 3300 1374 3356 Guil..de
1400 3302 1731 3358 Humboldt:
1804 3306 1991 3360 Ueber
2034 3304 2123 3359 die

203 3385 590 3456 Kawispraehe
605 3406 620 3439 ε
1447 3439 1449 3441 ,

375 3470 517 3525 Eine
556 3472 784 3545 gewisse
825 3471 1034 3527 Griisse
1074 3472 1129 3527 in
1169 3470 1270 3528 der
1308 3473 1671 3550 Behandlung
1710 3477 1857 3530 eines
1901 3478 2126 3551 Gegan-

292 3555 510 3613 standes
551 3559 854 3635 entspringt
897 3558 1049 3616 nicht
1085 3579 1182 3617 aus
1223 3561 1639 3619 intellectuellen
1667 3564 1915 3638 Anlagen
1954 3564 2130 3634 allein,
