2418 3854
1195 205 1280 272 36

277 393 449 450 esset,
493 401 600 438 non
629 382 806 438 statim
844 379 1063 455 quidem
1091 379 1199 438 hoc
1228 380 1579 450 detrectavit,
1623 383 1925 439 accuratius
1969 400 2096 437 vero
2140 400 2201 436 re

278 472 671 544 circumspecta
713 488 773 523 se
804 475 922 522 toto
964 467 1120 523 coelo
1162 470 1230 523 ab
1273 469 1387 523 istis
1420 467 1846 526 Berolinensium
1888 467 2078 524 studiis
2107 469 2201 526 ab·

279 577 402 612 esse
442 547 603 630 atque
649 552 913 613 eiusmodi
956 555 1391 611 coniunctionem
1434 562 1662 628 propter
1704 554 2031 629 singularem
2074 568 2202 628 'pro-

275 644 557 718 priamque
586 641 789 713 ingenii
815 641 900 695 sui
926 638 1165 696 indolem
1187 650 1352 714 atque
1376 638 1876 710 conformationem,
1904 661 2080 716 neque
2104 641 2206 696 illis

279 749 455 802 neque
514 728 614 781 sibi
657 725 991 789 fructuosam
1035 747 1156 781 esse
1198 747 1362 799 posse
1417 726 1691 781 intellexit.
1790 727 1908 781 Iam
1951 728 2209 786 continuo

278 808 440 872 finem
470 815 532 877 iis
563 814 889 887 significavit
922 813 1023 873 sibi
1051 832 1206 868 suum
1234 813 1458 885 proprio
1488 813 1666 868 Marte
1697 812 2040 873 annitendum
2070 834 2209 882 esse,

278 900 597 975 posthabitis
634 900 878 962 omnibus
932 899 1053 967 „im
1092 897 1268 972 Apoll’
1318 897 1866 959 freundschaftlicheu
1909 900 2212 959 Ri'wksleh-

279 991 425 1053 ten“;
453 987 590 1040 H.S.
619 986 735 1054 III,
770 984 1097 1061 123-29)
1131 984 1303 1057 qualis
1334 1005 1463 1040 vero
1493 985 1538 1042 is
1567 986 1688 1042 finis
1715 980 1802 1054 sit,
1833 1005 1932 1040 suo
1964 995 2212 1059 tompore

279 1070 610 1148 patefactum
638 1072 735 1139 iri,
776 1090 917 1125 nunc
946 1091 1007 1125 se
1050 1070 1430 1144 ‚,palinodiis“
1470 1073 1580 1126 suis
1623 1073 1947 1146 praelusisse
1990 1081 2214 1133 tautum.

283 1158 446 1222 Quod
475 1168 655 1213 autem
685 1167 795 1216 tam
826 1157 1060 1211 obscure
1088 1158 1308 1226 scribat,
1337 1158 1394 1213 id
1423 1159 1674 1232 ignaviae
1708 1159 1920 1215 cuidam
1953 1168 2009 1215 et
2034 1159 2214 1216 timori

279 1249 545 1302 lectorum
572 1245 771 1318 potita,
815 1262 923 1298 non
953 1244 1054 1298 sibi
1084 1264 1206 1298 esse
1236 1245 1621 1318 imputandum,
1660 1265 1782 1309 cum
1812 1246 1986 1319 palam
2019 1255 2216 1302 etma-

281 1332 476 1388 nifesto
506 1351 567 1386 se
598 1351 631 1384 a
658 1331 819 1405 plebe
848 1329 1197 1386 abdicaverit.
1266 1331 1380 1387 Sed
1411 1351 1551 1406 quae
1593 1332 1663 1387 de
1692 1332 1953 1397 industria
1983 1333 2218 1388 obscure

283 1421 486 1492 scripta
514 1418 640 1486 sint,
684 1437 751 1471 ea
780 1425 873 1474 aut
899 1436 1008 1471 non
1039 1418 1223 1491 magni
1253 1419 1510 1473 momenti
1540 1439 1661 1474 esse
1692 1409 1785 1474 aut
1813 1438 1923 1475 non
1951 1419 2108 1477 anxie
2137 1419 2216 1476 in-

227 1495 229 1497 *
284 1504 564 1581 quirenda‚
609 1523 772 1578 quum
803 1502 874 1558 ad
902 1504 1073 1577 ipsam
1104 1505 1383 1577 scriptoris
1413 1525 1702 1578 personam
1731 1507 2018 1574 attineant,
2046 1505 2221 1579 iisque

283 1594 456 1665 minus
485 1591 784 1666 perspectis
815 1609 1006 1664 parum
1047 1599 1142 1646 aut
1177 1591 1304 1650 nihil
1336 1591 1642 1651 detrimenti
1674 1593 1726 1646 in
1757 1592 1991 1652 lectores
2020 1592 2218 1650 redun-

287 1679 396 1736 det.
482 1668 812 1744 Praeterea,
857 1696 1020 1750 quum
1068 1697 1135 1732 ex
1167 1698 1265 1743 eo,
1311 1698 1417 1751 quo
1462 1679 1664 1751 scripta
1705 1698 1803 1733 sua
1847 1679 2046 1752 publici
2089 1678 2219 1734 iuris

285 1765 430 1822 facta
458 1765 592 1832 sint,
637 1761 743 1838 (H.
776 1764 832 1825 S.
863 1763 979 1832 ΠΙ,
1028 1764 1373 1839 134—37.)
1404 1765 1522 1837 ipse
1551 1766 1810 1821 maiorem
1841 1766 2001 1822 animi
2030 1774 2219 1825 nactus

287 1854 356 1907 sit
384 1851 777 1918 maturitatem,
817 1849 877 1911 id
915 1850 1016 1908 sibi
1057 1849 1247 1910 sedulo
1293 1870 1488 1906 cavere
1533 1872 1592 1906 se
1623 1872 1690 1906 ne
1734 1846 1962 1924 amplius
2003 1851 2218 1908 iuvenili

288 1937 524 2013 quodam
577 1935 795 1992 fervore
849 1937 1065 2011 longius
1122 1956 1153 1992 a
1212 1938 1353 1991 iusto
1409 1940 1692 2011 proposito
1748 1935 2053 2004 auferatur3
2108 1939 2221 1993 imo

290 2026 465 2084 animo
495 2024 771 2098 principiis
800 2022 980 2078 defixo
1012 2032 1175 2098 atque
1204 2026 1437 2089 intento,
1483 2024 1608 2098 quid
1640 2023 1973 2098 sequendum
2004 2024 2106 2083 sibi
2134 2025 2221 2093 sit,

291 2121 544 2168 accurate
574 2109 1017 2184 perpendendum
1048 2130 1185 2165 esse.
1252 2111 1483 2166 Nicolaii
1527 2113 1855 2166 consortium
1897 2111 2161 2185 speciosis
2187 2130 2220 2169 a

292 2219 354 2254 se
393 2197 728 2271 argumentis
769 2197 991 2271 ablegat
1036 2195 1182 2271 (III,
1229 2198 1284 2252 ss'.
1321 2199 1707 2274 172—174.)
1752 2218 1930 2272 neque
1974 2198 2083 2254 alio
2119 2198 2225 2257 1ιὶδί

290 2285 561 2340 laxissimo
590 2303 713 2337 cum
741 2283 832 2339 illo
861 2303 920 2338 se
951 2283 1162 2338 vinculo
1194 2285 1451 2358 coniungi
1480 2286 1710 2357 patitur,
1748 2285 2065 2357 praesertim
2097 2303 2221 2340 cum

291 2371 720 2427 Berolinensium
752 2371 958 2424 animos
987 2390 1019 2424 a
1047 2367 1222 2443 patria
1262 2371 1428 2444 ipsius
1456 2373 1592 2426 urbe
1621 2373 2060 2445 Regiomontana
2090 2370 2220 2429 alie-

292 2478 392 2512 nos
422 2477 542 2511 esse
571 2456 768 2526 videat,
814 2476 952 2530 quae
982 2476 1088 2512 una
1116 2465 1322 2512 tantum
1344 2459 1581 2513 virorum
1611 2458 1813 2532 ingenii
1843 2478 1912 2512 ac,
1939 2457 2225 2518 doctrinae

293 2543 454 2599 laude
483 2543 771 2616 insignium
799 2562 1081 2597 numerum
1112 2545 1410 2613 contineat,
1455 2554 1710 2617 qua-ntum
1751 2545 1805 2598 in
1845 2554 1962 2600 tota
2000 2545 2103 2603 ista
2132 2563 2219 2603 re-

294 2631 460 2706 gione
491 2630 787 2703 aquilonari
817 2630 901 2682 vix
933 2630 1188 2702 reperias,
1235 2629 1348 2684 Sed
1379 2630 1656 2686 audiamus
1680 2631 1957 2704 quomodo
1975 2629 2219 2690 Hanan-

294 2737 393 2773 nus
424 2717 540 2789 ipse
569 2715 697 2770 illud
730 2736 856 2770 vere
886 2716 1133 2789 salseque
1175 2718 1517 2788 expresserit.
1589 2717 1844 2786 „Woher
1872 2713 2220 2784 kommtxesf‘

294 2804 466 2877 inquit
507 2803 539 2857 l.
569 2803 602 2857 l.
645 2822 696 2875 p.
734 2805 881 2869 142,
926 2801 1096 2870 „dass
1126 2802 1254 2856 Ihre
1296 2803 1649 2858 schiitzbaren
1677 2805 2061 2862 Kunstrichter
2086 2804 2218 2862 mei-

295 2910 438 2960 „nes
467 2890 709 2945 Wissens
738 2887 878 2942 noch
909 2887 1067 2950 keine
1095 2888 1273 2948 Beute
1304 2890 1355 2942 in
1386 2890 1659 2949 Preussen
1701 2891 1994 2965 gemacht?
2025 2922 2106 2938 ·-—··
2133 2921 2221 2934 --—

296 2977 634 3050 „Vergeben
665 2975 758 3029 Sie
789 2974 887 3030 (las
923 2975 1102 3030 kleine
1129 2975 1404 3043 Brausen,
1448 2978 1545 3031 mit
1585 2977 1708 3032 dem
1749 2979 1897 3051 mein,
1929 2974 2087 3037 Brief
2124 2995 2220 3035 aus

299 3064 534 3132 „seinen
563 3060 733 3119 Ufern
762 3063 896 3129 tritt,
937 3081 1025 3117 um
1059 3061 1149 3115 die
1175 3060 1666 3123 Aufmerksamkeit
1704 3064 1862 3123 Ihrer
1888 3060 2223 3122 Briefsteller

296 3148 497 3219 „mehr
524 3148 820 3204 nordvviirts
860 3167 928 3202 zu
957 3147 1201 3204 ziehen.“
1229 3180 1311 3191 -—

413 3235 536 3290 Jam
578 3253 708 3288 vero
760 3255 923 3306 quum
976 3234 1047 3290 ad
1088 3235 1364 3293 Hamamu
1404 3236 1605 3309 scripta
1630 3237 1832 3297 «melius
1873 3234 2223 3310 intelligenda

298 3321 512 3387 maximi
542 3321 796 3374 momenti
827 3321 920 3388 sit,
965 3330 1220 3381 accurate
1265 3322 1615 3396 cog-novisse,
1661 3322 1831 3396 quabs
1872 3322 1939 3380 ab
1985 3341 2053 3382 eo
2093 3321 2220 3377 inde

297 3419 563 3482 tempore,
605 3415 712 3480 quo
742 3406 917 3478 palam
946 3426 1008 3460 se
1035 3407 1358 3480 scriptorem
1386 3407 1661 3481 professus
1693 3416 1827 3484 erat,
1870 3409 2011 3467 inter
2046 3408 2222 3483 ipsum

303 3504 357 3550 et
395 3501 654 3561 aetatem,
699 3511 805 3565 qua
844 3491 1003 3561 vixit,
1043 3492 1411 3555 intercesserit
1449 3495 1624 3562 ratio,
1660 3494 1766 3552 hoc
1807 3504 1921 3565 est,
1959 3504 2222 3570 mmmm

303 3601 385 3650 ea,
430 3601 567 3654 quae
598 3599 663 3635 ex
694 3579 785 3633 illo
812 3577 937 3633 inde
966 3587 1216 3652 tempore
1255 3589 1347 3641 aut
1387 3581 1604 3654 scri-'psit
1641 3591 1734 3641 aut
1774 3583 1890 3657 egit
1933 3601 2007 3643 ex,
2029 3581 2221 3643 aeta&
