2418 3854
1195 170 1273 228 10

266 344 464 420 Anglia
492 344 638 415 vixit,
666 344 836 401 libere
864 341 1056 412 fatenS,
1085 360 1226 418 quae
1254 344 1328 398 ibi
1357 360 1616 416 perverse
1643 344 1840 417 egerit,
1869 343 2061 417 quibus
2082 361 2194 402 ma·
2256 406 2260 411 ,

266 433 330 490 lis
351 433 644 492 zoonsortiis
673 450 800 485 usus
830 429 1223 504 sit‚‘quomodo
1254 430 1488 503 denique
1516 429 1677 483 variis
1703 431 1980 487 erroribus
2002 447 2194 486 excru-

267 519 440 579 clatus
468 519 521 576 in
553 538 620 573 eo
649 515 828 585 fuerit,
848 523 918 586 =ut
944 517 1158 589 penitus
1186 518 1452 584 interiret,
1484 515 1585 569 nisi
1615 515 1922 573 evolvendis
1948 515 2194 578 lectitan-

264 605 460 680 disque
489 606 636 662 libris
666 604 834 659 sacris
864 602 1132 661 medelam
1161 604 1321 658 animi
1353 601 1511 676 aegri
1539 602 1905 675 quaesivisset.
1929 634 1933 639 ·
1973 601 2062 657 Ad
2089 601 2197 657 hoc

263 701 481 766 tempus
510 690 727 746 maximi
767 691 1025 745 momenti
1050 689 1470 746 luculentissime
1512 689 1581 745 ab
1622 687 1869 762 Hegelio
1893 696 2199 745 tractatum

262 789 324 839 et
351 779 515 834 veluti
545 776 756 836 culmen
791 778 936 831 vitae
976 776 1409 857 Hamannianae-
1431 783 1626 848 postea
1666 775 1822 830 nobis
1865 775 1971 833 erit
2009 792 2197 836 recur-

265 866 509 922 rendum.
596 864 759 920 Nunc
786 862 1098 936 vero‚‘quid
1125 870 1416 936 praeterea
1449 861 1501 916 ei
1531 861 1599 919 ‚in
1638 862 1749 917 vita
1790 862 1922 917 satis
1966 861 2199 917 obscure

172 1018 174 1020 v
264 960 490 1028 peracta
532 950 824 1018 acciderit,
866 950 1107 1004 breviter
1159 957 1287 1004 sunt
1328 947 1820 1004 commemoranda.
1906 946 2200 1002 Discordia

266 1047 458 1095 exorta
485 1038 628 1093 inter
655 1038 829 1109 ipsum
860 1044 916 1089 et
942 1035 1196 1091 Berentis
1226 1034 1505 1091 cuiusdam
1533 1033 1816 1104 familiam,
1848 1032 1995 1108 apud
2038 1050 2200 1107 quam

265 1124 592 1199 aliquamdiu
621 1124 784 1177 vitam
814 1123 997 1195 Rigae
1040 1121 1311 1196 degebat,
1356 1123 1649 1178 commovit
1690 1141 1815 1176 eum
1827 1162 1844 1190 ‚
1887 1129 1949 1176 ut
1987 1120 2199 1194 Regio-

263 1211 526 1268 montium
554 1209 777 1279 rediret,
807 1228 915 1282 quo
946 1208 1103 1263 simul
1145 1210 1547 1283 obsequebatur
1587 1209 1756 1282 patris
1805 1206 2110 1276 desiderio,
2141 1215 2203 1260 ut

263 1300 366 1374 ipsi
396 1305 677 1354 senectute
707 1294 959 1352 confecto
989 1305 1211 1369 praesto
1242 1296 1476 1364 adesset,
1514 1295 1769 1350 adiuncta
1798 1294 1956 1349 simul
1985 1312 2116 1349 cura
2145 1301 2202 1348 et

265 1386 513 1442 custodia
533 1382 715 1440 fratris
738 1383 1068 1455 desipientis,
1091 1384 1199 1456 (H.
1215 1383 1272 1438 S.
1287 1383 1391 1451 ΙΙΙ,
1411 1383 1520 1439 38:
1551 1383 1871 1437 Hamannus
1893 1379 2200 1437 Lindnero:

262 1474 365 1529 Bei
397 1472 537 1527 allen
566 1470 751 1526 diesen
783 1469 1119 1526 Umstiinden
1163 1470 1382 1524 konnen
1426 1470 1521 1523 Sie
1563 1468 1728 1523 leicht
1763 1467 2058 1536 eracbten,
2100 1465 2202 1522 wie

262 1560 369 1617 viel
399 1561 572 1615 Trost
598 1557 687 1612 ich
715 1558 770 1612 in
799 1557 1012 1612 meinen
1043 1556 1271 1618 Studien
1301 1553 1565 1629 schiipfen
1595 1574 1770 1624 mus8‚
1798 1553 1913 1610 und
1934 1552 2070 1613 ,dass
2109 1550 2202 1607 -ich

264 1646 453 1703 diesen
481 1642 667 1701 Hafen
695 1663 817 1699 zum
845 1645 987 1699 Ein-
1031 1643 1142 1698 und
1184 1641 1504 1712 Auslaufen‚
1550 1642 1648 1697 das
1691 1650 1838 1697 erste
1879 1640 1970 1695 bei
2012 1646 2200 1714 gutem

262 1735 479 1790 Wetter
508 1731 617 1786 und
645 1730 828 1800 wind,
859 1729 956 1784 das
984 1730 1149 1785 letzte
1178 1731 1250 1784 im
1282 1731 1467 1784 Sturm
1497 1728 1608 1783 und
1637 1748 1760 1783 zum
1787 1727 2202 1785 Ueberwintern

262 1821 391 1876 sehr
417 1821 652 1893 bequem
687 1816 886 1893 finde.)
959 1818 1090 1872 Mox
1133 1817 1351 1890 partitio
1395 1815 1713 1871 hereditatis
1754 1822 2049 1870 maternae„
2077 1832 2203 1868 eum

261 1908 487 1976 monuit,
516 1914 577 1961 ut
603 1924 795 1960 munus
825 1903 1043 1977 aliquod
1073 1903 1144 1958 ad
1173 1924 1234 1960 se
1260 1904 1439 1978 ipsum
1466 1901 1877 1958 sustentandum
1897 1907 2201 1974 appeteret,

262 1995 412 2069 quod
442 1992 661 2068 quidem
697 1992 872 2066 primo
918 1991 1157 2064 suscepit
1200 1989 1346 2063 apud
1387 1990 1765 2063 Regiomontii
1806 1987 2201 2061 magistratum,

262 2101 425 2156 quem
470 2081 672 2135 dicunt.
759 2079 870 2132 Sex
913 2079 1185 2133 mensibus
1228 2085 1354 2150 post
1409 2077 1624 2150 regium
1669 2076 1720 2130 ei
1763 2074 2076 2130 mandatum
2119 2081 2203 2127 est

260 2188 471 2237 munuS‚
502 2166 602 2222 sed
633 2165 774 2220 curis
805 2164 1116 2219 domesticis
1145 2173 1207 2219 ut
1234 2163 1437 2219 salvum
1468 2164 1836 2238 sospitemque
1857 2182 1919 2217 se
1939 2167 2200 2227 servaret,

263 2255 769 2326 conditionibusque
812 2249 1148 2307 faustissimis
1193 2250 1386 2305 oblatis
1430 2270 1462 2303 a
1505 2251 1727 2305 Mosero
1771 2247 2049 2304 consilium
2077 2265 2199 2305 san-

263 2345 399 2399 ctius
436 2350 660 2397 curante
690 2349 994 2394 commotus
1022 2357 1246 2393 munere
1275 2357 1398 2392 sese
1421 2336 1693 2391 abdicavit
1714 2344 1771 2390 et
1790 2332 2200 2390 scribendarum

261 2430 704 2502 edendarumque
749 2426 1157 2500 ephemeridum
1212 2443 1405 2479 munus
1457 2423 1634 2492 inivit,
1679 2421 1828 2497 quod
1869 2420 2032 2494 paulo
2075 2427 2202 2493 post

258 2519 457 2574 iterum
501 2514 769 2589 deposuit.
2136 2530 2140 2535 ·

390 2605 547 2659 Anno
590 2600 992 2656 MDCCLXIV
1034 2598 1225 2653 relicto
1270 2596 1659 2671 Regiomontio
1703 2594 1955 2650 inductus
1991 2555 2200 2650 Moneri

261 2690 554 2766 propositis
584 2697 746 2761 atque
777 2695 904 2741 voto
937 2686 1052 2740 eius
1082 2687 1406 2758 obsequenS,
1428 2681 1852 2738 Francofurtum
1877 2702 1938 2737 se
1959 2677 2200 2746 confert3

263 2786 494 2851 accepto
533 2785 715 2830 tamen
754 2774 968 2841 nuntio,
1007 2773 1283 2826 Moserum
1321 2772 1496 2844 ipsum
1527 2771 1600 2824 ibi
1629 2790 1688 2824 se
1718 2789 1827 2824 non
1855 2775 2198 2842 reperturum

264 2885 414 2934 esse,
454 2864 580 2918 hinc
620 2880 720 2935 per
757 2861 1018 2933 ambages
1059 2859 1112 2912 in
1151 2859 1344 2912 urbem
1381 2856 1526 2912 redit
1567 2857 1814 2929 patriam.
1902 2855 2027 2916 Qua
2050 2848 2105 2909 in
2135 2870 2198 2906 re

265 2953 442 3006 multis
471 2952 545 3005 ita
575 2948 790 3002 videtur
828 2947 1010 3019 egisse
1039 2947 1385 3013 HamannuS‚
1415 2953 1475 2998 ut
1505 2963 1602 2998 cur
1631 2944 1705 2998 ita
1733 2942 1955 3011 fecerit,
1985 2940 2072 2996 vix
2100 2957 2197 3011 ap-

263 3045 470 3112 pareat.
531 3032 683 3110 (Der
722 3031 1084 3089 wunderliche
1127 3032 1290 3087 Mann
1330 3031 1552 3099 kehrte‚
1597 3050 1692 3085 aus
1722 3029 1980 3086 welchem
2007 3025 2198 3084 Anlass

262 3125 419 3181 weiss
438 3143 563 3176 man
582 3121 747 3177 nicht.
772 3119 1018 3195 sogleich
1040 3117 1243 3174 wieder
1263 3118 1485 3173 zuriick.
1531 3118 1734 3187 Giiffie,
1755 3116 1790 3172 l.
1810 3115 1880 3191 l.)
1912 3111 2199 3187 (Hamann

262 3213 390 3266 kam
417 3207 840 3284 ungeschickter
869 3206 978 3262 und
1005 3205 1439 3261 unverrichteter
1463 3205 1651 3278 Dinge
1677 3202 1820 3258 nach
1840 3199 2201 3273 Kiinigsberg

264 3298 500 3366 zuriick‚
541 3294 614 3349 da
651 3313 713 3348 er
756 3293 844 3347 die
882 3291 1204 3348 Riickkunft
1239 3293 1452 3347 Mosers
1490 3291 1639 3346 nicht
1673 3290 1949 3345 abwarten
1975 3286 2198 3341 konnte.

263 3385 512 3460 Hegel,
546 3379 890 3438 Jahrbiicher
945 3377 1033 3433 fiir
1098 3379 1405 3435 wissensch.
1431 3376 1648 3438 Kritik
1694 3375 1858 3431 1828
1899 3374 2008 3429 No.
2056 3373 2197 3441 109,

265 3471 417 3546 cujus
456 3472 739 3544 integrum
767 3466 974 3521 initium
1023 3465 1210 3520 nescio
1252 3435 1604 3538 quamobrem
1652 3481 1761 3518 non
1799 3461 2107 3534 reperiatur
2141 3459 2197 3515 in

266 3559 503 3615 editione
544 3554 771 3632 Hegelii
809 3571 1036 3629 operum
1066 3551 1302 3650 omnium
1329 3559 1369 3608 t.
1398 3548 1609 3627 XVII.)
1665 3546 2045 3605 consulendae
2074 3554 2197 3603 sunt
