2418 3854
1131 191 1215 251 45

211 368 511 425 admirandi
541 367 774 442 gloriam
803 375 1082 441 acceptam
1112 366 1325 434 retulit3
1364 368 1524 440 pauci
1555 366 1627 422 illi
1657 386 1758 441 pro
1794 367 2041 423 omnibus
2087 369 2137 422 ei

211 467 391 524 e1·ant;
436 474 624 511 eorum
654 454 942 528 applausus
987 473 1241 524 summuS,
1286 474 1447 526 quem
1493 475 1558 509 ex
1602 455 1816 527 scriptis
1860 454 1969 508 suis
2012 474 2137 527 per-

211 545 396 617 cipere
423 551 626 616 posset,
656 540 862 596 fructus
894 542 943 596 ei
973 539 1275 595 videbatur.
1357 541 1559 615 Magna
1590 561 1719 595 sane
1749 550 1804 596 et
1833 541 2138 613 expetenda

209 631 403 705 gloria,
434 649 465 683 a
506 629 691 701 paucis
733 628 907 701 iisque
951 627 1166 700 optimis
1209 625 1418 682 laudari
1461 647 1527 682 ac
1569 626 1710 702 legi!
1751 627 1921 682 Haud
1962 628 2139 682 minor

209 717 415 792 gloria,
458 723 664 770 tantum
706 705 879 769 virum
921 733 1105 768 amare
1150 734 1216 769 ac
1258 713 1475 787 legere!
1531 717 1709 787 Atque
1754 723 1939 771 mutua
1982 714 2137 782 haec,

209 823 370 877 quam
400 822 523 857 cum
552 801 739 875 paucis
770 810 978 855 tantum
1020 801 1215 855 inierat
1257 800 1707 874 intelligentibus,
1751 802 1985 857 societas
2027 820 2137 858 non

207 891 323 944 sine
351 908 551 963 magno
583 887 896 961 aequalibus
923 885 1106 942 fructu
1133 887 1352 952 mansit;
1397 907 1558 961 quam
1587 887 1640 941 in
1670 889 1991 943 sententiam
2016 890 2158 962 He-U

208 977 383 1050 gelius
430 974 607 1050 (Opp.
647 983 683 1029 t.
715 975 892 1029 XVlI.
922 994 974 1046 p.
1009 973 1140 1049 94.)
1187 974 1389 1042 abienS,
1434 972 1558 1043 „fiir
1586 974 1738 1029 Viele
1783 974 1907 1043 ist,“
1951 975 2138 1049 inquit,

208 1065 494 1133 „Hamann
548 1061 696 1115 nicht
747 1080 850 1115 nur
892 1069 1056 1115 etwas
1100 1061 1496 1115 Interessantes
1540 1061 1651 1116 und
1695 1060 2138 1136 EingreifendeS‚

206 1149 479 1218 „sondern
535 1147 620 1202 ein
673 1147 808 1201 Halt
855 1146 965 1201 und
1015 1148 1347 1220 Stiitzpunkt
1388 1148 1442 1202 in
1496 1149 1648 1202 einer
1701 1149 1825 1203 Zeit
1864 1168 2137 1222 gewesen‚

208 1238 297 1303 „in
330 1234 430 1289 der
458 1234 537 1288 sie
568 1235 715 1288 eines
744 1233 962 1288 solchen
1006 1253 1191 1308 gegen
1237 1234 1326 1288 die
1355 1235 1757 1308 Verzweiflung
1800 1255 1868 1291 an
1909 1235 1998 1290 ihr
2038 1236 2139 1291 nii-

207 1322 365 1396 „thig
392 1322 593 1376 hatten.
634 1353 692 1362 -
719 1324 753 1353 “

182 1479 187 1483 „
339 1407 454 1462 Sed
507 1406 780 1481 quomodo
834 1408 1151 1461 Hamannus
1206 1405 1275 1461 ad
1332 1408 1613 1479 negotium
1663 1427 1955 1481 perversos
2006 1428 2138 1485 suae

211 1496 403 1551 aetatis
434 1494 782 1567 philosophos
826 1493 1179 1567 impugnandi
1225 1513 1290 1548 ac
1335 1492 1603 1549 refutandi
1647 1515 1679 1548 a
1723 1515 1783 1548 se
1826 1504 2138 1569 susceptum

209 1602 332 1637 sese
364 1581 608 1653 cinxerit,
637 1599 742 1653 qua
771 1581 824 1634 in
853 1579 1165 1654 indagando
1196 1599 1327 1635 vero
1359 1582 1572 1636 ratione
1599 1601 1664 1635 ac
1706 1581 1967 1637 methodo
2010 1601 2138 1637 usus

211 1670 296 1738 sit,
327 1667 457 1741 quid
488 1667 720 1739 denique
749 1666 875 1720 inde
906 1668 1170 1734 effecerit,
1202 1668 1473 1737 copiosius
1505 1687 1853 1739 exponamus,

336 1756 459 1809 Jam
487 1772 652 1826 supra
682 1751 908 1807 vidimus
939 1755 1226 1807 Hamanno
1257 1753 1441 1807 Wolfii
1484 1755 1706 1826 eiusque
1750 1753 2136 1826 discipulorum

208 1859 470 1896 conamen
514 1840 777 1913 principia
821 1838 1192 1912 philosophiae
1237 1859 1367 1894 suae
1411 1839 1479 1893 ad
1524 1840 1856 1914 theologiam
1906 1841 2135 1897 transfe-

208 1927 363 1983 rendi
391 1926 677 1981 offensioni
704 1924 887 1980 fuisse.
977 1926 1142 1987 Quod
1174 1946 1453 1994 conamen,
1483 1929 1724 2000 quamvis
1764 1927 1991 1999 primam
2035 1929 2137 2001 ipsi

210 2013 483 2069 scribendi
511 2032 696 2068 ansam
726 2012 943 2067 dedisse
974 2014 1178 2084 optimo
1201 2011 1327 2085 jure
1359 2013 1466 2067 dici
1507 2015 1695 2086 possit,
1739 2023 1923 2071 tamen
1966 2015 2135 2072 multo

208 2121 331 2156 eum
360 2099 536 2173 magis
566 2099 917 2153 offendebant
945 2099 998 2167 ii,
1024 2101 1115 2172 qui
1144 2101 1405 2172 principia
1428 2100 1731 2155 Wolfianae
1759 2097 2136 2174 philosophiae

208 2186 280 2244 ad
307 2186 563 2260 politicen
594 2195 648 2240 et
678 2186 963 2241 ecclesiam
995 2206 1212 2259 quoque
1239 2185 1535 2241 transferre
1565 2208 1628 2242 ac
1660 2188 1937 2261 utriusque
1980 2197 2136 2244 recte

207 2272 662 2328 administrandae
691 2272 909 2346 regulas
942 2293 1008 2326 ex
1038 2273 1123 2327 illa
1154 2273 1270 2327 sola
1299 2274 1559 2346 petendas
1590 2295 1711 2329 esse
1741 2274 2134 2344 demonstrare,

208 2380 375 2434 seque
405 2361 550 2433 ipsos
594 2375 695 2432 pro
740 2359 1138 2432 legislatoribus
1185 2369 1240 2414 et
1281 2362 1645 2415 servatoribus
1687 2362 1876 2416 haberi
1919 2360 2135 2418 vellent.

207 2447 370 2502 Istius
410 2446 558 2501 modi
598 2446 856 2514 homineS,
899 2466 1033 2520 quos
1066 2445 1222 2519 (VII,
1255 2447 1386 2521 98.)
1429 2447 1556 2515 „die
1600 2468 1686 2502 am
1728 2446 1909 2503 faulen
1951 2449 2135 2505 Holze

208 2534 353 2589 ihres
385 2535 623 2606 Systems
653 2533 1016 2607 gebundenen
1046 2533 1496 2606 Metaphysiker⁶⁶
1523 2544 1812 2607 nuncupat,
1847 2534 2136 2610 dignitate,

210 2640 371 2693 quam
401 2620 502 2675 sibi
530 2630 937 2694 arrogaverant,
968 2620 1277 2692 spoliandos
1306 2622 1560 2693 suscepit,
1604 2623 1655 2676 in
1688 2641 1795 2695 quo
1823 2630 2007 2679 tamen
2037 2643 2132 2678 ne-

209 2707 363 2780 gotio
394 2707 726 2779 perficiendo
757 2726 864 2761 non
911 2708 1146 2761 clamore
1191 2703 1425 2780 quodam
1470 2707 1663 2762 bellico
1707 2709 1877 2784 longe⁴
1915 2709 2134 2783 lateque

209 2792 501 2861 audiendo,
542 2793 640 2848 sed
682 2794 875 2848 leniter
905 2814 968 2849 ac
997 2795 1279 2868 tranquille
1309 2794 1595 2849 incedente
1622 2795 1944 2851 traducendi
1975 2806 2031 2851 et
2058 2798 2130 2850 ir—

210 2879 422 2934 ridendi
452 2880 700 2934 oratione
728 2900 882 2948 usum
911 2901 970 2934 se
1001 2901 1121 2935 esse
1151 2879 1403 2950 affirmat,
1424 2883 1622 2955 quippe
1649 2902 1754 2955 qua
1782 2883 1993 2938 ratione
2015 2883 2131 2939 sine

206 2968 456 3021 tubarum
482 2974 536 3020 et
566 2966 911 3032 classicorum
942 2967 1120 3021 sonitu
1149 2969 1451 3024 occubituri
1481 2979 1676 3023 essent.
1710 2967 1871 3042 (VII,
1901 2969 2079 3044 1100.)

336 3052 450 3108 Sed
477 3052 790 3126 priusquam
818 3053 967 3126 quod
1003 3053 1168 3109 modo
1210 3054 1629 3127 significavimus
1671 3054 1901 3128 negotio
1939 3064 2130 3111 nostro

213 3138 618 3207 satisfaciamuS,
663 3148 1042 3213 argumentum
1084 3140 1207 3193 libri
1248 3139 1739 3195 Mendelssohniani
1779 3142 2130 3210 „Jerusalem

210 3225 631 3300 odercreligiiise
660 3225 845 3280 Macht
873 3226 982 3282 und
1009 3225 1386 3281 Judenthum“
1413 3226 1655 3299 inscripti
1686 3228 1963 3301 copiosius
1990 3228 2128 3284 indi-

211 3311 479 3382 nubimus,
509 3312 674 3386 idque
701 3320 997 3386 propterea
1026 3312 1173 3386 quod
1200 3312 1289 3368 hic
1317 3311 1456 3386 liber
1482 3313 1667 3369 Wolfii
1695 3315 1969 3388 principiis
1998 3315 2127 3369 iuris

209 3405 435 3452 naturae
461 3399 662 3469 nititur,
693 3399 763 3455 ad
792 3419 933 3473 quae
961 3398 1255 3456 evertenda
1283 3407 1340 3455 et
1365 3397 1602 3457 funditus
1634 3400 1864 3457 delenda
1883 3402 2128 3457 Haman-

210 3503 310 3538 nus
341 3503 475 3558 opus
506 3485 696 3556 edidit,
731 3487 818 3543 cui
861 3505 1058 3544 nomen
1101 3494 1213 3543 est:
1253 3487 1578 3563 „Golgatha
1619 3495 1676 3542 et
1718 3486 2129 3546 Scheblim‘ui..“

214 3567 368 3646 (VII,
404 3572 497 3627 19.
527 3571 681 3648 sqq.)
2032 3608 2035 3611 v
