2418 3854
1189 190 1272 249 34

265 368 499 443 gelesen·
518 368 694 436 ¹'habe,
737 364 1069 438 ungeachtet
1109 364 1210 420 der
1253 365 1739 440 unbarmherzigen
1768 367 2014 436 Urtheile
2041 369 2193 425 iiber

265 454 356 509 die
383 455 719 527 triibsinnige
747 451 1079 505 Dunkelheit
1108 451 1204 506 des
1236 453 1410 522 einen,
1441 461 1496 506 et
1526 472 1573 507 c.
1606 461 1818 509 constat
1844 463 2027 509 autem
2054 457 2190 528 poe·

263 552 596 615 tam,;-quum
628 541 914 604 Socratem
940 538 995 591 in
1025 557 1091 592 ea
1119 539 1285 592 satira
1315 537 1670 593 disserentem
1697 537 1885 610 faciat,
1914 541 1971 596 id
2001 560 2190 614 agere,
2260 543 2266 547 “

264 638 324 683 ut
351 628 593 682 homines
624 625 818 678 suimet
854 624 1097 697 ipsorum
1127 626 1439 699 cognitione
1480 625 1767 679 destitutos
1798 625 1926 682 dum
1953 627 2024 682 ad
2054 627 2186 682 alio-

258 716 381 769 'rum
412 715 540 768 vitia
568 702 943 784 investiganda
971 711 1327 783 impellantur,
1371 730 1469 764 sua
1497 711 1624 764 nihil
1656 730 1850 766 curare
1880 714 2146 770 ostendat.

299 847 301 849 .
378 799 772 867 Quamobrem,
818 817 981 870 quum
1022 799 1340 851 Hamannus
1381 797 1436 850 in
1474 796 1582 851 hoc
1622 797 1760 851 libro
1804 798 2188 855 diversissimas

262 907 349 942 res
380 884 780 953 commiscendo
809 903 918 937 non
946 902 1110 937 unum
1149 885 1313 937 finem
1349 884 1704 956 spectaverit,
1747 884 1847 939 sed
1885 892 1946 939 ut
1971 882 2190 941 ‘ferebat

261 972 462 1041 lubido,
491 970 655 1025 modo
686 970 810 1038 huc,
839 969 1004 1023 modo
1034 969 1159 1023 illuc
1189 968 1437 1043 divagari
1464 989 1526 1024 se
1554 989 1753 1044 'passus
1775 972 1879 1040 sit,
1920 973 2190 1046 quumque

261 1068 546 1133 praeterea
574 1056 740 1111 multa
772 1056 853 1110 vel
883 1064 1072 1128 aperte
1102 1053 1236 1109 falsa
1264 1056 1366 1129 ipsi
1394 1056 1732 1130 placuerint,·
1747 1055 1951 1112 factum
1980 1066 2090 1128 est,
2127 1068 2190 1129 nt

258 1147 489 1220 primum
520 1163 655 1216 opus
685 1142 813 1196 illud
845 1140 1370 1197 difficile-intellectu
1398 1144 1482 1198 sit.
1529 1141 1650 1217 (Cf.
1675 1144 1807 1214 VII,
1841 1143 2016 1220 201.)

371 1231 484 1286 Sed
513 1231 557 1284 si
589 1230 706 1303 quis
737 1230 988 1302 opinetur
1016 1248 1082 1284 ex
1103 1229 1189 1297 iis,
1220 1249 1360 1303 quae
1388 1229 1638 1284 libro-illo
1670 1232 2029 1300 continentur,
2058 1249 2188 1304 gra-

258 1320 472 1373 vissima
498 1325 704 1372 tantum
745 1325 801 1370 et
842 1314 1258 1370 luculentissima
1299 1336 1420 1370 esse
1462 1317 1652 1386 allata,
1695 1317 1861 1371 valde
1900 1317 2190 1384 erraverit;

257 1407 343 1459 vix
387 1405 527 1459 enim
555 1404 677 1458 fieri
706 1403 923 1476 poterit,
967 1411 1027 1456 ut
1055 1413 1276 1475 praeter
1302 1403 1596 1458 levissimas
1626 1423 1714 1458 res
1745 1403 1891 1458 aliud
1916 1402 2045 1477 quid
2074 1416 2190 1457 ma·-

258 1493 387 1546 ioris
417 1490 675 1545 momenti
705 1489 947 1543 omisisse
979 1489 1304 1544 evincamur.
1357 1490 1498 1543 Nam
1530 1510 1670 1564 quae
1697 1499 1987 1564 praeterea
2011 1490 2193 1545 insunt

256 1581 310 1633 in
341 1598 408 1632 eo
438 1577 737 1633 sententiae
767 1595 867 1630 eae
904 1587 1016 1630 tam
1057 1595 1249 1649 parum
1288 1577 1430 1631 inter
1481 1596 1541 1631 se
1584 1577 1906 1646 cohaerent,
1943 1585 2055 1645 tam
2094 1577 2190 1631 ab'-

256 1674 478 1738 ruptae,
521 1656 868 1736 breviterque
907 1662 1114 1730 dictae,
1153 1671 1264 1717 tam
1303 1683 1492 1735 parum
1533 1664 1847 1719 elaboratae
1886 1671 2038 1733 sunt,
2079 1671 2192 1718 tam

258 1753 491 1825 denique
521 1739 728 1817 subito,
773 1748 1125 1823 quumaliud
1167 1748 1296 1822 quid
1332 1769 1515 1805 ansam
1554 1751 1867 1823 praebuerit
1906 1750 2192 1804 interrum-

255 1848 483 1912 puntur,
526 1846 586 1891 ut
626 1837 762 1890 libro
794 1835 954 1890 edito
994 1834 1161 1890 iudici
1204 1837 1521 1910 ceteroquin
1562 1839 1737 1911 aequo
1780 1836 1884 1891 alia
1919 1836 2191 1890 Hamanni

258 1926 460 1998 scripta
493 1923 800 1996 respicienti
825 1921 1295 1995 ‘interrogandum
1325 1932 1500 1977 esset:
1543 1926 1804 1992 „Warum
1839 1941 1907 1977 ‘er
1932 1923 2048 1977 sein
2078 1924 2193 1977 Ge·-

257 2014 397 2082 „bet
426 2011 479 2064 in
509 2012 740 2077 kurzen,
771 2007 1276 2082 gebeimnissvollen
1307 2007 1569 2064 Seufzern
1600 2016 1873 2064 ausstosse
1902 2008 2012 2064 und
2040 2009 2191 2065 seine

257 2100 469 2168 „Brust
497 2097 643 2151 nicht
671 2114 739 2150 zu
769 2096 945 2150 einem
974 2095 1254 2169 liingerem
1281 2096 1478 2150 Athem
1506 2097 1772 2170 gewiihne
1814 2093 2070 2170 (Briefe,
2101 2095 2192 2150 die·

258 2193 480 2240 neueste
510 2184 758 2237 Litterat.
788 2182 1002 2237 betreff.
1033 2182 1173 2251 XII,
1208 2184 1347 2238 218.
1380 2181 1466 2237 Cf.
1490 2184 1566 2238 H.
1585 2185 1642 2239 S.
1673 2184 1788 2251 III,
1824 2181 2188 2260 121.)1.-Wan-

258 2292 378 2327 rum
409 2291 469 2325 er
510 2290 570 2325 so
611 2269 781 2324 selten
824 2267 919 2323 auf
954 2268 1059 2323 den
1096 2268 1318 2323 Altiiren
1359 2269 1460 2324 der
1499 2271 1690 2324 Musen
1733 2268 1950 2343 opsere,
1992 2260 2189 2343 parcus

258 2360 501 2413 Dearum
550 2357 754 2421 cultor,
797 2355 908 2410 und
948 2375 1051 2409 nur
1095 2356 1339 2410 einzelne
1384 2344 1773 2431 vergiingliche
1813 2356 2026 2412 Blatter
2063 2354 2188 2410 dar-

259 2446 455 2520 bringe
488 2441 647 2519 (ibid.
682 2445 822 2498 217.
863 2451 919 2497 et
947 2443 1020 2497 H.
1053 2442 1109 2497 S.
1147 2441 1339 2518 120).
1999 2491 2003 2494 ,

372 2533 448 2587 Et
490 2550 684 2584 revera
727 2549 952 2585 acumen
998 2529 1113 2583 eius
1158 2537 1214 2583 et
1253 2537 1593 2599 accuratam,
1655 2549 1761 2603 qua
1813 2529 2190 2599 imbutus;‹est‚

262 2620 402 2674 vitae
436 2617 711 2671 ‚interioris
760 2617 1130 2691 cognitionem
1183 2615 1509 2670 admirantes
1558 2617 1713 2670 simul
1759 2616 1899 2671 tristi
1955 2615 2206 2690 quadam.

259 2703 633 2761 misericordia
677 2721 1080 2757 commovemur
1116 2703 1217 2756 viri
1264 2722 1472 2756 summa
1513 2703 1674 2757 animi
1717 2703 2062 2758 contentione
2095 2721 2189 2773 τε·-

260 2791 625 2847 conditissima
655 2809 901 2863 quaeque
931 2790 1168 2863 pectoris
1199 2808 1397 2843 arcana
1427 2789 1713 2844 recludere
1753 2810 1819 2844 ac
1860 2789 2186 2864 depromere

258 2879 505 2947 nitentiS,
549 2885 738 2950 utpote
779 2892 938 2949 quem
978 2877 1120 2930 vires
1160 2875 1305 2930 haud
1345 2895 1471 2930 raro
1502 2877 1577 2931 ita
1607 2876 1926 2946 destituant,
1966 2884 2027 2930 ut
2052 2861 2186 2948 prae

261 2967 507 3021 acumine
535 2964 698 3019 nimio
728 2963 976 3017 hebetior
1003 2970 1266 3036 appareat
1277 2961 1341 3038 *)ι
1365 2983 1430 3017 ac
1453 2963 1563 3017 risu
1589 2963 1824 3037 quodam
1850 2961 2184 3031 daemonico,

262 3054 306 3107 si
334 3053 409 3106 ita
439 3052 623 3106 dicere
653 3049 734 3104 fas
766 3058 876 3118 est,
919 3050 1054 3103 iocis
1086 3050 1352 3124 nugisque
1381 3049 1688 3124 indulgeat,
1730 3050 1949 3105 lectoris
1978 3048 2186 3108 scilicet

260 3147 451 3212 pectus
481 3136 624 3211 quod
666 3137 895 3191 inaniter
923 3136 1156 3206 auxerit,
1198 3135 1585 3193 sublevaturus.
1643 3128 1870 3212 (Jacobi
1898 3135 1977 3190 l.l.
2007 3134 2180 3210 135.)

371 3225 601 3299 Egimus
643 3223 819 3278 adhuc
861 3222 931 3277 de
983 3222 1189 3282 libello:
1230 3223 1504 3301 Biblische
1540 3223 1985 3296 Betrachtungen
2032 3220 2179 3275 eines

263 3313 514 3368 Christen
557 3310 843 3382 inscripto,
886 3310 941 3363 in
985 3329 1092 3384 quo
1133 3329 1339 3364 summa
1379 3310 1521 3381 eius,
1566 3302 1726 3385 quam
1751 3309 2066 3366 Hamannus
2110 3300 2181 3363 de

263 3398 670 3454 christianismo
700 3396 986 3449 imbiberat
1014 3396 1278 3469 opinionis
1305 3398 1481 3470 posita
1509 3406 1620 3465 θεῖς
1647 3395 1805 3453 allata
1836 3394 2032 3451 deinde
2061 3402 2186 3457 sunt

346 3614 389 3660 ἵ·’)
419 3611 567 3651 Jacobi
598 3610 675 3662 lv,
706 3602 754 3659 3,
785 3583 914 3648 188.‘'
1001 3614 1010 3622 ·
