2418 3854
1206 191 1282 251 12

278 373 492 426 iunctae
521 367 773 425 adferunt
812 367 862 422 ei
890 368 1033 421 vitae
1063 365 1339 441 quoddam
1364 366 1634 436 taedium,
1664 378 1698 420 a
1726 386 1833 444 quo
1863 377 2050 423 tamen>
2073 371 2204 424 ami-

279 457 749 530 citia,·studiaque,
769 455 912 508 vitae
945 454 1059 507 eius
1095 461 1350 527 tanquam
1381 453 1608 507 comites
1636 462 1912 524 revocant,
1943 474 2080 529 quos
2107 454 2204 510 ha-

278 546 435 599 beret
463 542 710 618 profecto
741 559 967 594 necesse
994 538 1110 609 fuit,
1141 559 1266 594 cum
1294 558 1421 604 mox
1448 539 1606 613 regio
1639 538 1820 593 edicto
1837 542 2074 614 'quodam
2092 542 2204 615 pri-

278 639 432 685 vatus
473 639 628 703 parte
666 645 867 701 magna
907 625 1318 681 commodorum
1357 644 1459 699 per
1499 645 1559 680 se
1602 644 1711 679 non
1760 640 2084 700 magnorum
2132 626 2205 682 ad

279 726 582 791 egestatem
621 713 875 768 redactus
915 718 1074 767 essetss
1159 714 1492 768 Excruciato
1526 709 1654 766 inde
1696 719 1751 766 et
1779 713 1861 766 sui
1890 713 2205 768 et-familiae

185 858 190 871 Ι
277 799 660 857 sustentandae
689 819 834 881 cura·
847 805 1069 872 praeter
1096 817 1248 871 spem
1277 799 1530 853 auxilium
1559 799 1805 856 offertur.v
1850 795 2080 874 (Fran.
2109 802 2204 855 Ja-

278 888 443 944 cobi’s
471 888 679 943 Werke
718 887 812 955 IV,
836 888 901 952 ·3‚
935 887 1033 940 25.
1117 887 1436 939 Hamannus
1475 885 1731 939 Jacobio:
1769 885 1859 940 Da
1899 885 2065 940 seben
2109 887 2204 941 Sic

275 974 415 1029 mich
450 972 780 1053 55jiihrigen
814 973 975 1026 Greis
1016 971 1212 1025 beinah
1250 969 1455 1026 wieder
1487 968 1759 1046 verjiingt,
1787 972 1898 1026 und
1929 978 2026 1027 aus
2055 973 2206 1028 einer

273 1063 466 1117 Wiiste
504 1061 559 1114 in
600 1060 686 1114 ein
726 1058 884 1113 Eden
928 1065 1166 1112 versetzt
1209 1057 1381 1113 durch
1426 1059 1513 1112 ein
1556 1059 1707 1132 Spiel
1746 1058 1848 1112 der
1887 1060 2067 1113 Natur
2095 1058 2203 1115 u'nd

272 1146 520 1203 Wunder
548 1146 650 1200 der
674 1142 1051 1220 Vorsehung.)
1097 1144 1430 1200 Adolescens
1461 1145 1602 1199 enim
1631 1145 1847 1219 quidam
1877 1145 2029 1199 dives
2061 1136 2203 1220 (Fr.

269 1231 678 1309 Buchholzius)
731 1240 980 1305 egestate
1030 1232 1626 1305 Hamanni‘comperta
1670 1251 1791 1286 cum
1829 1231 2205 1287 misericordia

269 1320 556 1393 impulsuS,
593 1326 709 1373 tum
746 1318 987 1392 inprimis
1016 1316 1372 1373 admiratione
1412 1319 1546 1372 tanti
1582 1319 1682 1372 viri
1723 1318 2014 1388 adductae,
2055 1318 2202 1373 dono
2247 1339 2249 1343 ·

268 1426 376 1461 non
420 1408 620 1480 exiguo
664 1403 779 1479 ejus
819 1405 1069 1460 miseriae
1104 1424 1215 1459 non
1253 1404 1420 1459 modo
1460 1405 1753 1475 succurrit,
1795 1404 1893 1459 sed
1932 1405 2095 1459 etiam
2131 1398 2203 1459 ad

267 1494 442 1567 ipsum
470 1501 795 1566 veteresque
824 1493 1028 1546 amicos
1054 1490 1308 1546 visendos
1335 1492 1592 1546 invitavit.

397 1580 517 1635 Alia
546 1598 712 1635 causa
739 1579 943 1633 itineris
972 1578 1080 1633 huc
1109 1578 1438 1652 suscipiendi
1467 1597 1533 1633 ea
1561 1576 1678 1647 fuit,
1707 1577 1865 1651 quod·
1883 1576 2046 1651 paulo
2076 1584 2202 1633 ante

266 1675 516 1722 matrona
556 1685 625 1721 ex
661 1665 825 1720 domo
865 1665 1149 1739 principali
1178 1665 1458 1734 Gallitzin,
1485 1666 1579 1719 ubi
1608 1665 1839 1719 animum
1871 1663 1942 1719 ad
1969 1664 2201 1739 scripto-

266 1774 385 1809 rem
411 1764 524 1808 tam
562 1752 894 1827 singularem
935 1751 1195 1821 advertit,
1225 1760 1286 1806 ut
1326 1752 1505 1805 omnia
1543 1746 1835 1824 scriptoris
1863 1769 2032 1824 opera
2063 1749 2199 1806 con'-

267 1842 611 1915 quirerentur
641 1847 697 1894 et
725 1858 866 1913 quae
896 1838 968 1893 de
1009 1836 1125 1912 ejus
1155 1838 1466 1894 conditione
1506 1845 1562 1892 et
1588 1838 1829 1891 moribus
1853 1849 1983 1891 cum
2011 1839 2080 1892 ab
2112 1856 2200 1905 eo,

263 1936 381 1983 tum
410 1926 624 1981 aliunde
653 1926 888 1999 repetita
916 1913 1346 1992 innotescerent,
1387 1925 1486 1978 sibi
1527 1924 2019 1995 committerentur,
2047 1942 2199 1978 man-

267 2014 506 2069 daverat.
540 2011 696 2090 (VII,
719 2011 894 2089 200.)
929 2011 1181 2067 Credidit
1208 2013 1367 2081 enim,
1397 2012 1441 2065 si
1470 2012 1587 2084 ipse
1617 2010 1852 2079 adesset,
1880 2008 2006 2064 fore
2028 2018 2090 2065 ut
2116 2008 2198 2064 fa-

266 2102 368 2156 cile
420 2102 656 2155 arctiore
709 2100 977 2154 amicitiae
1025 2099 1238 2153 vinculo
1291 2118 1413 2153 cum
1464 2098 1710 2151 omnibus
1758 2095 2197 2171 conjungeretur.

261 2188 563 2262 Postquam
586 2187 843 2260 principis
869 2186 1065 2241 coniux
1076 2186 1349 2240 Hamanni
1365 2183 1774 2254 „Memorabilia
1787 2184 2108 2238 Socratica“
2119 2183 2208 2238 le-‘

264 2276 364 2350 git,
382 2274 728 2348 cupidissima
748 2271 848 2327 fuit
868 2273 1022 2346 plura
1043 2272 1199 2328 huius
1222 2273 1321 2327 viri
1342 2291 1510 2345 opera
1531 2269 1842 2345 colligendi,
1867 2270 2057 2344 quibus
2084 2264 2195 2324 col—

261 2363 414 2417 lectis
434 2362 696 2435 lectisque
705 2360 1082 2414 benevolentia
1096 2361 1210 2414 eius
1225 2378 1361 2433 erga
1375 2366 1653 2413 auctorem
1668 2357 1986 2431 augebatur.
2011 2356 2197 2418 Quare

261 2450 316 2503 in
345 2450 453 2502 fine
496 2448 758 2520 epistolae
798 2446 1031 2521 egregia
1069 2447 1159 2500 illa
1200 2447 1453 2520 princeps
1495 2444 1565 2498 ad
1592 2444 1877 2499 Jacobium
1905 2443 1982 2497 ita
2010 2442 2198 2498 scribit

262 2537 438 2590 animo
469 2535 668 2589 idoneo
700 2533 772 2588 ad
802 2533 1242 2607 cognoscendam
1274 2532 1546 2588 Hamanni
1580 2529 1818 2585 indolem
1847 2538 2010 2603 atque
2038 2536 2193 2584 natu-

260 2641 394 2692 ram,
423 2623 560 2675 miro
593 2621 828 2696 quidem,
859 2619 957 2675 sed
988 2621 1303 2675 Hamanni
1290 2619 1566 2694 lngenium
1596 2624 1852 2672 accurate
1872 2616 2194 2726 designante

258 2709 454 2764 modo·

429 2796 532 2849 Mit
561 2794 661 2849 der
686 2793 925 2868 heiligen
956 2793 1095 2849 Schn
1097 2791 1159 2848 1ft
1186 2792 1279 2847 hat
1305 2793 1557 2847 Hamann
1588 2789 1746 2846 sich'
1731 2810 1786 2844 ln
1815 2789 2022 2845 meiner
2052 2788 2190 2844 Vor-

345 2882 581 2962 stellung
609 2881 910 2955 dergestalt
939 2881 1270 2954 eingewebt,
1301 2878 1425 2933 dass
1464 2878 1551 2933 ich
1590 2878 1691 2934 wie
1722 2898 1790 2931 an
1819 2878 1995 2932 einem
2021 2874 2191 2929 heim-

348 2969 525 3023 lichen
553 2970 751 3023 Ansatz
782 2987 885 3021 von
915 2967 1089 3021 Liebe
1120 2987 1187 3021 zu
1216 2965 1324 3020 ihm
1346 2966 1517 3019 krank
1543 2964 1744 3033 wurde,
1768 2963 1868 3019 der
1888 2960 2030 3017 mich
2049 2960 2189 3018 trieb

350 3064 513 3109 etwas
551 3055 799 3110 Naheres
843 3075 948 3108 von
991 3054 1099 3107 ihm
1132 3073 1199 3107 zu
1230 3051 1498 3107 erfahren.
1559 3050 1833 3127 (Jakobi's
1862 3049 2068 3107 Werke
2094 3047 2190 3116 IV,

351 3143 407 3210 3,
441 3139 573 3216 21.)

386 3228 548 3281 Haec
576 3235 856 3298 parantem
899 3226 1288 3300 consiliumque
1327 3225 1558 3294 itiner-IS,
1590 3244 1696 3298 quo
1736 3223 1877 3276 vires
1916 3221 2190 3289 reficeret,

260 3312 397 3368 diu
375 3333 488 3387 Jam
519 3314 759 3385 exoptati
789 3322 848 3367 ut
876 3313 1184 3366 absolveret
1201 3313 1527 3382 molientem,
1552 3318 1836 3384 postquam
1856 3304 2046 3381 viginti
2069 3305 2188 3362 fere

260 3420 427 3454 annos
457 3398 810 3474 aegritudinis
853 3406 1109 3472 tanquam
1148 3399 1369 3452 vinculis
1410 3407 1466 3452 et
1505 3394 1855 3468 compedibus
1898 3387 2187 3467 impeditus

259 3496 377 3542 erat
408 3484 580 3563 (nach
610 3486 761 3540 einer
789 3484 1018 3539 beinahe
1047 3482 1536 3557 zwanzigjahrigen
1569 3481 1978 3543 Quarantaine'
1964 3500 2016 3534 m
2046 3481 2186 3534 Fes-

257 3574 370 3628 seln
410 3573 518 3629 und
557 3572 784 3630 Banden
827 3571 924 3627 des
957 3568 1282 3647 Kummers)
1328 3568 1434 3646 (H.
1475 3570 1531 3624 S.
1573 3569 1695 3638 VII,
1738 3566 1912 3643 211.)
1957 3565 2189 3640 impedi-v
