2418 3854
1227 170 1311 231 48

308 359 464 403 turae
506 347 827 401 necessitate
870 344 1205 417 impellente,
1249 345 1564 402 societatem
1608 346 1891 403 humanam
1935 350 2132 419 iniisse,
2175 349 2232 406 in

311 453 418 508 qua
470 434 836 506 unusquisque
887 440 1099 504 partem
1165 433 1360 487 iurium
1410 433 1795 505 acquisitorum
1846 437 1898 491 in
1954 437 2230 493 societatis

311 520 656 576 commodum
685 518 942 572 adhibere
973 517 1185 574 debeat.
1255 519 1520 586 Pactione
1550 519 1783 592 quadam
1819 523 2032 591 sociali,
2061 543 2229 596 quan-

309 617 424 663 tum
451 604 793 661 tribuendum
820 605 893 677 sit
927 605 1124 678 cuique
1154 605 1496 660 discernendi
1525 605 1606 659 ius
1653 606 1861 672 civitati
1899 610 2058 664 veluti
2102 612 2243 682 per-¹

310 714 476 750 sonae
521 691 710 746 morali
752 690 894 745 tradi
938 703 1117 763 posse,
1164 711 1271 764 quo
1314 689 1461 745 facto
1513 692 1716 746 civitati
1761 692 1879 747 iura
1915 704 1975 750 et
2008 696 2231 769 quidem

308 782 427 835 iura
456 777 715 852 adigendi
743 778 795 831 in
841 777 1115 831 hominum
1159 779 1303 830 bona
1347 785 1402 831 et
1442 775 1603 833 facta.
1690 780 2068 842 Haec-autem
2111 784 2232 838 iura

311 866 598 922 ecclesiam
624 865 900 938 ignorare.
986 864 1168 917 Deum
1203 882 1311 917 non
1358 882 1477 917 esse
1521 885 1662 929 eum,
1705 866 1797 938 qui
1837 876 2024 926 nostra
2065 879 2233 943 egeat

309 951 686 1008 benevolentia
716 960 1026 1004 nostrumve
1055 950 1297 1022 requirat
1325 950 1595 1019 auxilium,
1617 953 1711 1024 qui
1730 954 1898 1006 nostri
1923 953 2052 1007 iuris
2073 955 2229 1030 quid-

311 1059 472 1113 quam
500 1039 552 1092 in
581 1058 738 1092 usum
767 1056 922 1091 suum
953 1037 1259 1109 expostulet
1301 1038 1536 1097 cuiusve·
1566 1038 1686 1092 iura
1727 1058 1850 1093 cum
1892 1041 2089 1097 nostris
2130 1033 2230 1096 un-

310 1147 471 1201 quam
500 1142 749 1198 pugnare
776 1124 949 1196 iisque
978 1124 1285 1197 perturbari
1313 1133 1527 1197 queant.
1597 1125 1882 1180 Ecclesiae
1910 1126 2095 1200 itaque
2122 1145 2232 1182 non

308 1232 432 1270 esse
469 1213 552 1266 ius
596 1212 647 1264 in
693 1212 893 1264 bonum
938 1219 994 1264 et
1036 1211 1450 1283 possessionem,
1494 1230 1672 1286 neque
1717 1231 1835 1266 eam
1879 1213 2132 1268 auxilium
2176 1222 2234 1268 et

308 1300 683 1355 decessionem
712 1297 1059 1370 expostulare
1087 1317 1273 1369 posse;
1318 1298 1436 1352 iura
1478 1298 1594 1352 eius
1639 1316 1926 1371 numquam
1949 1317 2095 1360 „cum
2131 1318 2232 1355 no-

306 1389 431 1443 stris
477 1385 794 1440 conflictare
838 1404 1016 1457 neque
1068 1384 1210 1438 inter
1251 1384 1422 1456 ipsam
1472 1384 1742 1440 civitatem
1797 1386 1916 1439 lites
1960 1406 2086 1441 esse
2123 1406 2233 1449 non

307 1494 486 1548 posse.
577 1472 945 1534 Quamobrem
975 1472 1095 1527 fieri
1123 1490 1230 1526 non
1263 1491 1441 1543 posse,
1472 1482 1530 1526 ut
1559 1472 1811 1544 pactione
1841 1474 1981 1527 inter
2008 1493 2069 1529 se
2100 1492 2232 1528 con-

308 1562 571 1617 cilientur.
626 1559 911 1621 Ecclesiae
940 1558 1123 1630 itaque
1153 1571 1259 1612 non
1291 1577 1411 1612 esse
1440 1557 1699 1631 adigendi
1727 1559 1829 1626 ἰυε,
1858 1578 2036 1633 neque
2062 1577 2231 1616 mem-

304 1650 416 1703 bris
446 1647 585 1701 illius
615 1645 817 1718 imponi
847 1664 1010 1717 posse
1040 1643 1277 1699 officium
1308 1643 1625 1717 perfectum.
1683 1646 1788 1700 His
1815 1645 1913 1700 niti
1942 1646 2233 1703 discrimen

305 1735 593 1791 ecclesiam
634 1734 775 1786 inter
817 1740 873 1786 et
915 1731 1211 1797 civitatem,
1255 1731 1402 1804 quod
1446 1732 1551 1785 vim
1594 1732 1819 1786 attineat
1860 1733 1915 1786 in
1957 1728 2230 1789 hominum

304 1823 564 1877 actioneS.
649 1819 740 1873 De
768 1819 1189 1891 cogitationibus
1219 1828 1396 1872 autem
1438 1838 1647 1872 morum
1689 1818 1968 1891 principiis
2007 1820 2110 1892 ipsi
2153 1821 2231 1875 ci-

305 1909 457 1963 vitati
499 1925 770 1979 nunquam
813 1905 920 1960 ullo
966 1915 1128 1977 pacto
1185 1906 1480 1959 accessisse
1522 1906 1603 1959 ius
1647 1904 1935 1979 adigendi3
1986 1906 2134 1961 idem
2177 1906 2233 1965 ei

307 2016 432 2051 cum
462 1993 695 2051 ecclesia
723 1993 804 2046 ius
834 2011 956 2046 esse
985 1991 1270 2046 erudiendi
1299 2002 1354 2047 et
1382 1990 1616 2045 docendi
1647 2000 1750 2046 etc.

437 2080 602 2143 Quod
631 2080 748 2153 quis
778 2077 943 2133 faciat
971 2087 1135 2152 atque
1164 2087 1313 2152 agat,
1342 2079 1392 2132 ei
1421 2076 1751 2144 satisfacere,
1781 2078 1927 2151 quod
1973 2080 2092 2153 quis
2132 2097 2229 2136 coe

305 2170 462 2245 gitet‚
493 2169 754 2222 sentiatve
785 2166 912 2219 nihil
942 2165 1010 2219 ad
1043 2185 1163 2220 eam
1193 2166 1482 2238 pertinere.
1565 2165 1873 2220 Ecclesiam
1903 2175 2093 2223 contra
2120 2184 2230 2220 non

306 2257 536 2330 adigere
579 2254 822 2309 homines
866 2252 936 2306 ad
982 2252 1284 2326 agendum,
1327 2252 1426 2307 sed
1486 2272 1711 2307 monere
1762 2262 1987 2322 tantum,
2010 2252 2230 2307 ratioci-

304 2343 504 2411 nand0,
524 2340 904 2415 persuadendo
933 2350 994 2394 ut
1021 2337 1166 2394 facta
1195 2359 1318 2394 cum
1348 2339 1509 2398 animi
1538 2340 1800 2394 sententia
1829 2338 2231 2397 consentirent:

305 2438 532 2505 peracta
576 2447 696 2491 esse
739 2427 1038 2481 videantur.
1125 2426 1410 2481 Ecclesiae
1454 2415 1559 2480 non
1617 2446 1737 2480 esse
1789 2425 1872 2479 ius
1916 2426 1968 2479 in
2011 2412 2232 2481 terrena

306 2519 478 2582 bona;
520 2535 696 2588 neque
725 2523 1003 2568 externam
1041 2514 1147 2567 vim
1172 2514 1224 2568 in
1255 2514 1486 2567 animum
1532 2513 1598 2566 ab
1644 2532 1712 2566 ea
1753 2512 1996 2567 exerceri
2040 2531 2231 2585 posse3

308 2623 478 2677 quare
508 2603 629 2656 fieri
657 2601 799 2656 nullo
832 2601 996 2654 modo
1039 2620 1219 2673 posse,
1265 2610 1322 2654 ut
1365 2600 1597 2653 societas
1641 2599 1818 2671 aliqua
1863 2599 2230 2655 ecclesiastica

306 2690 567 2764 peculiari
597 2688 829 2762 quadam
857 2686 1157 2760 imperandi
1185 2687 1377 2760 regula
1407 2705 1473 2741 ac
1501 2704 1711 2739 morum
1740 2686 2019 2758 disciplina
2046 2694 2230 2748 utatur

309 2786 366 2833 et
393 2778 475 2832 ius
506 2776 622 2830 sive
649 2774 973 2828 excludendi
1000 2775 1112 2828 sive
1143 2772 1689 2845 expellendi‘habeat,
1719 2774 1919 2846 quippe
1940 2771 2107 2846 “qnod
2136 2771 2227 2826 >ci-

306 2864 457 2918 vium
482 2863 954 2935 salutirepugnet.
1038 2860 1105 2914 In
1133 2861 1294 2914 rebus
1339 2878 1469 2914 vero
1514 2880 1653 2933 quae
1698 2860 1964 2921 ecclesiae,
2002 2859 2108 2915 sint
2149 2858 2226 2912 ci—

308 2951 459 3005 vitati
486 2950 606 3004 vice
639 2968 795 3003 versa
822 2948 1019 3002 nullam
1049 2947 1207 3001 aliam
1238 2947 1340 3000 vim
1370 2946 1710 3000 tribuendam
1740 2966 1862 3000 esse
1896 2945 2010 3000 nisi·
2038 2954 2102 3000 ut
2138 2964 2226 2999 se-

310 3036 547 3093 cundum
571 3037 837 3090 rationem
867 3043 923 3088 et
949 3034 1212 3108 principia
1240 3034 1463 3088 rationis
1493 3034 1641 3088 cives
1681 3034 1936 3094 instituat,
1983 3087 1986 3089 ,
2231 3092 2234 3098 Α

436 3124 596 3178 Haec
633 3132 771 3190 sunt,
815 3141 955 3195 quae
999 3120 1279 3175 afferenda
1323 3122 1621 3193 putavimus
1664 3139 1731 3174 ex
1761 3137 1929 3192 opere
1947 3115 2240 3182 *Mendelss

310 3210 465 3267 s'ohni
496 3217 918 3264 commemorato
936 3249 951 3277 ,
982 3207 1137 3282 quod
1157 3209 1473 3262 Hamannus
1503 3209 1910 3280 impugnaturus
1941 3213 2002 3258 et
2023 3201 2226 3259 refuta-

307 3306 460 3355 turus
505 3295 838 3368 argumentis
881 3303 938 3348 et
977 3295 1274 3348 rationibus
1316 3296 1495 3349 statim
1549 3294 1728 3348 locum
1771 3291 2041 3363 significat
2081 3291 2248 3355 unde—

307 3387 430 3441 fieri
459 3382 659 3441 debeat
685 3382 914 3454 impetus
946 3390 1001 3434 et
1029 3382 1081 3434 in
1113 3379 1261 3452 quod
1290 3379 1549 3435 refutatio
1573 3380 1642 3435 sit
1668 3376 2011 3433 intendenda.
2081 3377 2225 3438 Alla-

306 3481 489 3528 turum
516 3469 727 3525 scilicet
748 3486 870 3522 sese
899 3466 974 3519 ait
1002 3486 1070 3519 ex
1088 3465 1594 3526 Mendelssohniano
1615 3483 1785 3537 opere
1809 3464 2055 3538 plurima,
2078 3483 2229 3538 quae

306 3557 453 3613 falsis
482 3555 761 3632 principiis
788 3535 1024 3609 nitantur
1054 3549 1214 3627 (vn,
1245 3552 1427 3627 103.)
1448 3552 1562 3620 „Es
1589 3551 1663 3606 ist
1687 3551 1771 3606 ein
1813 3552 1951 3607 eben
1995 3570 2058 3606 so
2101 3569 2224 3609 aus„
