2418 3854
1205 158 1237 175 Π

1211 176 1228 208 l

255 328 542 401 iungimus,
585 344 710 380 cum
753 325 823 381 sit
863 326 1168 400 eloquentia
1211 326 1436 399 insignis
1484 334 1547 404 et*
1583 334 1640 380 ut
1669 343 1835 379 nexus
1880 321 2184 378 accuratius

252 413 636 488 perspiciatur:
682 408 798 487 (H.
829 412 887 468 S,
916 412 1049 480 VII,
1084 409 1214 484 12.)
1529 485 1531 487 .

421 499 522 569 „0
552 517 644 553 um
673 498 762 553 die
788 497 1090 572 Handlung
1118 498 1266 551 eines
1294 497 1691 552 Demosthenes
1720 493 1832 552 und
1860 495 2009 550 seine
2041 494 2182 548 drei-

337 585 518 658 einige
545 583 792 659 Euergie
822 583 922 639 der
946 583 1392 652 Beredsamkeit,
1438 584 1575 638 oder
1615 584 1704 637 die
1742 582 1886 639 noch
1928 583 2183 635 kommen

296 670 578 738 ,sollende
605 667 822 741 Mimik,
867 669 1008 726 ohne
1052 670 1141 725 die
1183 670 1583 744 paneg3·1·ische
1628 668 1922 743 klingende
1967 665 2183 722 Schelle

334 759 487 812 einer
513 757 901 832 Engelzunge!
944 776 1006 812 so
1038 756 1224 818 wiirde
1253 757 1342 813 ich
1374 757 1499 819 dem
1527 756 1703 811 Leser
1733 756 1822 810 die
1851 756 2048 828 Augen
2079 752 2181 825 311¹,-

332 864 454 914 nen,
486 843 612 898 dass
644 862 706 899 er
734 843 1003 899 vielleicht
1031 843 1162 898 siihe
1191 877 1276 885 --
1303 845 1494 901 Heere
1527 863 1631 898 von
1660 842 2098 915 Anschauungen
2127 838 2181 895 in

334 930 423 986 die
452 930 617 986 Veste
648 930 744 984 des
773 931 959 984 reinen
991 930 1320 987 Verstandes
1349 928 1539 984 hinauf
1563 962 1642 971 ——
1669 926 1884 1005 (reiner
1911 924 2182 986 Verstand

334 1019 402 1071 ab
431 1018 731 1084 Hamannol
766 1017 1095 1090 appellatur,
1140 1018 1288 1091 quod
1329 1037 1428 1079 nos
1472 1017 1698 1072 dicimus
1728 1012 2024 1090 Vernunft)
2048 1011 2179 1068 »und

329 1105 520 1158 Heere
550 1122 654 1156 von
683 1103 967 1176 Begrifl'en
999 1103 1050 1157 in
1084 1102 1190 1158 den
1219 1102 1386 1159 tiefen
1415 1103 1682 1178 Abgrund
1719 1102 1819 1156 der
1848 1100 2181 1160 fiihlbarsten

331 1188 686 1250 Sinnlichkeit
712 1188 1098 1264 herabsteigen
1129 1189 1225 1244 auf
1259 1192 1410 1245 einer
1437 1190 1655 1260 Leiter,
1699 1189 1790 1245 die
1833 1188 1957 1242 kein
1990 1184 2205 1257 Schlaff

328 1273 524 1350 fender
564 1274 680 1330 sich
721 1276 966 1330 triiumen
1016 1276 1146 1331 la'sst
1190 1309 1264 1317 -——
1313 1277 1425 1331 und
1468 1277 1574 1331 den
1617 1275 1957 1336 Reihentanz
2001 1273 2183 1328 dieser

331 1362 636 1417 Mahanaim
667 1361 804 1416 oder
831 1363 1027 1418 zweier
1055 1362 1488 1418 Vernunftheere
1517 1396 1604 1404 —-
1635 1374 1692 1418 et
1721 1364 1864 1418 cet.“

148 1520 154 1524 ῃ
243 1448 350 1503 hoc
378 1447 543 1509 modo
576 1447 922 1521 explicandus
953 1459 1063 1504 est:
1109 1470 1141 1503 o
1173 1455 1437 1506 actionem
1463 1450 1868 1517 Demosthenis,
1899 1466 2061 1521 quam
2090 1443 2180 1503 ille

245 1534 586 1607 eloquentiae
617 1535 783 1590 voluit
813 1555 933 1590 esse
963 1554 1254 1606 summam,
1300 1537 1449 1610 quod
1479 1541 1713 1592 actionis
1742 1533 2067 1590 vocabulum
2094 1539 2181 1587 ter

243 1621 577 1689 exclamavit,
608 1640 709 1693 pro
742 1641 847 1694 quo
880 1622 1132 1695 equidem
1161 1623 1234 1692 id,
1273 1623 1419 1696 quod
1451 1644 1560 1697 ego
1593 1623 1847 1696 cognovi,
1878 1620 2180 1690 orationem

240 1707 450 1762 scilicet
477 1726 746 1779 reponere
787 1717 842 1761 et
881 1717 967 1762 ter
994 1708 1101 1764 hoc
1130 1729 1295 1763 unum
1325 1699 1579 1782 repetere
1618 1709 1794 1763 velim.
1882 1706 2181 1761 Notionem

239 1793 472 1847 mediam
504 1794 697 1861 omisit,
743 1814 902 1867 quam
933 1815 1100 1868 saepe
1129 1809 1310 1851 mente
1339 1795 1647 1850 addendam
1678 1794 1940 1868 permittit
1967 1791 2178 1846 lectori.

235 1881 367 1934 Hoc
396 1887 576 1934 autem
609 1889 759 1935 certe
780 1891 1008 1953 apparet
1037 1902 1104 1936 ex
1134 1883 1216 1937 his
1248 1883 1460 1936 duobus
1492 1883 1769 1955 exempliS,
1802 1900 1962 1954 quam
1985 1897 2178 1952 parum

236 1964 548 2020 fructuosae
577 1966 717 2025 tales
742 1968 975 2022 obscure
1018 1968 1286 2024 dictarum
1326 1970 1751 2025 enuntiationum
1791 1960 2178 2040 explicationes

237 2051 451 2114 futurae
481 2053 600 2107 sint.
1232 2107 1233 2110 ,

363 2139 600 2195 Patebat
643 2138 875 2213 denique
920 2160 1142 2214 campus
1186 2142 1574 2214 amplissimus,
1635 2149 1728 2210 aut
1781 2137 2176 2213 philosophiam

234 2226 525 2294 Hamanni,
569 2234 662 2279 aut
690 2225 1052 2299 theologiam,
1084 2237 1177 2282 aut
1206 2227 1466 2301 denique,
1513 2248 1672 2302 quam
1704 2227 1903 2281 habeat
1934 2245 2059 2280 cum
2086 2242 2175 2279 ar-

235 2311 378 2380 tibus
419 2311 728 2366 liberalibus
767 2313 1033 2367 rationem
1062 2314 1165 2369 hac
1197 2316 1512 2387 quaestione
1544 2315 1846 2388 exquirere.
1887 2313 2044 2374 Quae
2074 2330 2174 2387 ag-

236 2417 488 2471 gressum
517 2408 679 2472 atque
711 2419 779 2454 ex
808 2399 999 2454 ordine
1028 2401 1240 2475 singula
1278 2409 1706 2474 ‚pertractantem
1744 2420 1841 2472 me
1863 2406 2177 2464 averterunt

237 2485 304 2538 ab
348 2484 565 2557 incepto
611 2486 813 2559 scripta
857 2487 1122 2555 virorum,
1181 2508 1315 2560 quos
1366 2486 1525 2553 facile
1571 2506 1937 2561 cognoveram
1982 2484 2175 2550 maiori

237 2590 360 2624 cum
389 2571 628 2644 ingenio,
659 2592 916 2627 successu
946 2575 1120 2648 magis
1149 2593 1415 2647 prospero
1442 2574 1588 2629 idem
1618 2575 1987 2641 illustravisse,
2012 2588 2175 2646 quam

238 2656 368 2711 mihi
397 2677 497 2731 pro
528 2658 719 2713 virium
762 2679 1003 2714 mearum
1047 2661 1268 2719 modulo
1314 2681 1539 2734 sperare
1583 2659 1664 2716 fas
1709 2669 1841 2716 erat.
1914 2660 2056 2714 Post
2089 2666 2175 2715 tot

234 2744 404 2816 igitur
434 2753 645 2814 conata,
689 2765 854 2802 unum
883 2747 989 2801 hoc
1022 2749 1290 2816 restabat,
1334 2757 1393 2803 ut
1423 2748 1631 2817 omnia,
1678 2748 1868 2822 quibus
1897 2744 2174 2809 Hamanni

234 2831 438 2902 scripta
502 2840 726 2902 possent
780 2833 1073 2903 illustrari,
1134 2835 1531 2908 complecterer
1589 2843 1644 2889 et
1701 2853 1963 2890 summam
2018 2831 2174 2906 quasi

233 2916 535 2970 studiorum
586 2918 1015 2987 Hamanniorum
1072 2921 1237 2976 veluti
1286 2942 1391 2977 una
1443 2923 1680 2996 imagine
1726 2919 2174 2993 comprehensam

234 3003 576 3071 exhiberem,
618 3023 740 3077 ¹qua
791 3006 977 3081 vitam,
1029 3026 1210 3062 mores
1220 3049 1237 3078 ,
1300 3009 1688 3077 eruditionem,
1744 3004 2171 3080 eruditionisque

231 3108 559 3163 progressus
611 3109 1004 3164 proponerem,
1069 3102 1124 3148 et
1181 3114 1322 3168 quae
1376 3095 1554 3163 libris,
1626 3093 1866 3167 epistolis
1877 3135 1894 3163 ,
1960 3110 2167 3150 sermo-

233 3176 388 3230 nibus
445 3176 517 3231 ad
571 3179 1000 3250 promovendum
1059 3180 1287 3237 aliorum
1340 3181 1616 3255 ingenium
1672 3180 1990 3252 contulerit,
2041 3196 2166 3254 per-

235 3269 542 3321 tractarem.
