2418 3854
1118 213 1193 271 21

196 407 300 461 que
351 396 406 441 et
440 386 575 439 vitae
618 394 672 440 et
711 386 878 441 literis
920 387 1102 440 utilem
1144 386 1372 442 reducat
1415 396 1578 462 atque
1620 389 1672 442 in
1719 406 1783 440 ea
1821 387 2115 441 contineat.

199 473 324 547 (VI,
360 474 498 528 287.
555 471 924 546 Dergleichen
954 473 1210 528 kritische
1239 473 1452 548 Lagen,
1498 495 1577 530 wo
1610 470 2113 528 die'Leidenschaf-

192 569 283 614 ten
323 561 559 613 stiirmen
601 557 711 612 und
751 558 854 612 den
887 559 1078 612 Grund
1122 557 1429 629 aufriihren,
1474 561 1593 615 sind
1635 560 1790 614 mehr
1827 559 2113 627 lehrreich,

195 646 271 699 als
303 645 573 718 anstiissig
600 643 687 699 fiir
714 644 872 711 mich,
916 645 1069 699 mehr
1098 646 1390 715 erbaulich,
1436 647 1512 700 als
1545 646 1830 721 {irgerlich

305 731 360 798 Ι,
402 732 543 785 494.
640 731 745 784 Ein
785 732 938 785 Herz
979 732 1119 786 ohne
1156 722 1641 803 Leidenschaften,
1701 734 1842 787 ohne
1880 731 2112 799 Affecte,

191 818 260 872 ist
289 818 374 870 ein
403 815 559 889 Kopf
585 817 724 870 ohne
751 818 1016 892 Begriffe‚
1063 812 1201 873 ohne
1230 818 1439 895 Mark.)
2017 817 2020 819 ’

301 904 556 956 Amorem
586 904 630 956 si
660 903 789 957 velis
821 905 960 958 vitae
989 924 1195 977 ponere
1223 925 1439 960 causam
1471 914 1526 960 et
1545 905 1883 978 principium,
1914 922 2111 972 nonne,

190 989 265 1042 ait
293 991 623 1057 HamannUS,
655 989 743 1043 hic
772 991 1062 1045 affectuum
1092 992 1343 1065 princeps
1375 999 1490 1046 est?
1535 989 1613 1066 (I,
1647 993 1744 1046 69.
1783 989 1867 1045 Cf.
1899 991 1944 1059 I,
1978 987 2110 1064 73.)

304 1075 465 1136 Quod
497 1083 675 1128 autem
716 1075 785 1128 ad
814 1076 997 1129 literas
1027 1086 1280 1151 artesque
1322 1079 1607 1151 pertineat,
1653 1078 1756 1131 alio
1797 1077 1921 1131 loco
1955 1075 2112 1129 dicit:

191 1159 297 1236 (Π,
340 1160 513 1236 287.)
558 1179 655 1229 „so
698 1161 843 1235 liege
888 1162 977 1216 die
1017 1163 1503 1219 Vollkommenheit
1541 1163 1641 1218 der
1680 1161 1978 1230 Entwiirfe,
2023 1160 2113 1214 die

188 1248 387 1302 Stiirke
417 1247 564 1301 ihrer
589 1245 959 1322 Ausfiihrung‚
1004 1249 1093 1303 die
1120 1249 1506 1325 Empfangniss
1546 1250 1658 1305 und
1690 1251 1904 1304 Geburt
1942 1265 2114 1302 neuer

186 1333 357 1388 Ideen
412 1333 520 1388 und
561 1353 733 1388 neuer
770 1334 1121 1402 Ausdriicke3
1161 1367 1246 1378 --
1297 1336 1386 1391 die
1425 1338 1615 1391 Arbeit
1652 1337 1763 1391 und
1801 1336 1963 1390 Ruhe
2013 1333 2111 1387 des

184 1421 424 1489 Weisen,
453 1419 567 1474 sein
581 1421 750 1475 'Prost
777 1421 885 1474 und
914 1423 1028 1475 sein
1041 1422 1184 1476 Ekel
1213 1422 1379 1477 daran
1411 1424 1483 1477 im
1510 1422 1859 1478 fruchtbaren
1873 1421 2112 1476 Schosse

187 1505 288 1561 der
314 1505 771 1562 Leidenschaften
799 1526 900 1560 vor
927 1527 1124 1562 unsern
1155 1509 1355 1564 Sinnen
1387 1511 1748 1583 vergraben.“

299 1594 456 1653 Quae
495 1612 658 1666 quum
710 1594 785 1647 ita
823 1595 953 1663 sint,
1006 1596 1278 1649 Hamanni
1328 1597 1604 1669 propriam
1643 1594 1810 1649 fuisse
1865 1600 2112 1647 naturam

183 1696 314 1733 vere
342 1679 644 1745 humanam,
690 1688 925 1746 constat3
967 1700 1090 1734 nam
1119 1681 1498 1754 voluptatibuS‚
1543 1682 1644 1735 etsi
1682 1683 1736 1734 in
1779 1679 2111 1733 deditionem

185 1783 370 1819 earum
399 1785 506 1818 non
535 1766 698 1833 venit,
727 1765 998 1838 paululum
1030 1766 1265 1836 indulsit,
1296 1777 1352 1823 et
1381 1787 1543 1841 quum
1574 1767 1921 1840 intelligeret,
1950 1782 2108 1837 pror-

183 1870 274 1904 sus
306 1852 372 1904 ab
403 1851 618 1908 homine
649 1850 831 1925 fugari
861 1872 952 1906 eas
993 1873 1100 1908 non
1129 1873 1310 1927 posse,
1353 1863 1609 1928 tanquam
1651 1855 1876 1922 comites
1905 1852 2110 1904 habere

183 1936 366 2008 voluit,
410 1957 611 2011 easque
649 1938 800 2007 taleS,
846 1958 985 2012 quae
1026 1959 1134 1993 non
1177 1939 1544 2009 dominentur,
1589 1939 1688 1994 sed
1729 1938 1954 2007 eodem,
2000 1955 2109 2010 quo

183 2024 323 2077 ratio
366 2021 612 2078 fruantur
650 2025 784 2079 iure.
874 2023 960 2080 Cf.
1002 2026 1196 2080 Jacobi
1225 2027 1319 2095 IV,
1364 2028 1420 2094 3,
1466 2028 1616 2081 346:
1690 2025 1960 2095 „Glaubst
1997 2023 2108 2092 Du,

185 2108 323 2170 oder
361 2109 637 2184 verlangst
673 2109 766 2164 Du
809 2130 998 2165 ausser
1038 2111 1143 2166 den
1182 2113 1625 2187 Empfindungen
1678 2113 1830 2165 klare
1869 2110 2109 2166 Beweis-

182 2195 437 2270 griinde?
475 2229 543 2237 -
578 2198 754 2252 Wenn
787 2198 881 2251 wir
909 2198 1022 2252 eins
1052 2218 1242 2272 Sagen,
1285 2199 1539 2255 verstehn
1570 2200 1666 2255 wir
1693 2198 1953 2253 Beidesf‘

299 2283 484 2344 Quare
522 2282 578 2336 id
609 2282 942 2357 potissimum
972 2286 1253 2356 spectavit,
1299 2286 1575 2360 quomodo
1618 2286 1886 2340 rationem
1928 2291 1984 2337 et
2012 2301 2107 2336 vo-

182 2369 443 2442 luptates,
497 2388 685 2422 sensus
739 2378 793 2424 et
832 2370 1239 2444 intelligentiam
1289 2373 1664 2446 coniungeret.
1762 2370 1901 2424 Inde
1940 2369 2109 2443 igitur

185 2456 594 2528 explicationem
641 2454 837 2525 ferunt,
882 2475 1020 2529 quae
1061 2458 1196 2511 mira
1237 2466 1292 2512 et
1319 2459 1712 2532 inexplicabilia
1752 2459 1807 2511 in
1835 2455 2110 2511 Hamanni

96 2610 100 2619 ¹
182 2550 376 2596 natura
403 2542 515 2595 visa
544 2543 698 2595 nobis
726 2551 960 2598 sunt.-—
988 2545 1151 2598 Juvat
1180 2564 1490 2619 operaeque
1519 2546 1752 2618 pretium
1784 2551 1883 2612 est,
1912 2541 2110 2597 intueri

184 2629 374 2693 virum,
419 2628 508 2700 qui
535 2629 736 2683 viribus
764 2627 952 2699 fretuS,
996 2650 1291 2704 earumque
1321 2633 1586 2701 conscius,
1616 2632 1910 2686 affectuum
1938 2630 2108 2701 impe-

184 2715 263 2769 tui
291 2714 429 2768 latus
460 2723 704 2786 apertum
736 2716 868 2771 dare
896 2736 1000 2771 nec
1030 2717 1255 2787 dubitat,
1299 2738 1477 2791 neque
1508 2719 1668 2772 animi
1697 2719 1751 2772 vi
1780 2724 1836 2770 et
1868 2715 2108 2790 ingenio,

83 2846 86 2848 ,
183 2801 470 2854 voluntatis
499 2801 699 2855 robore
729 2822 794 2856 ac
823 2804 1076 2859 firmitate
1106 2805 1169 2858 iis
1199 2813 1488 2878 repugnat,
1532 2805 1630 2859 sed
1671 2806 1725 2858 in
1756 2802 2002 2858 ordinem
2041 2819 2108 2854 ac

186 2889 320 2941 fines
351 2887 413 2940 iis
445 2887 714 2954 coercitiS,
748 2909 824 2956 se,
869 2887 1190 2963 quamquam
1220 2891 1503 2964 aliquoties
1545 2888 1988 2946 collabefactatur
2026 2894 2106 2940 at-

187 2993 292 3046 que
332 2973 548 3026 humani
591 2974 790 3046 aliquid
829 2977 1157 3051 perpetitur,
1210 2987 1488 3032 sustentat.
1586 2979 1783 3050 Neque
1827 2995 1892 3028 ea
1933 2973 2107 3028 solum

187 3059 471 3115 commoda
511 3060 563 3112 in
594 3059 835 3114 homines
879 3060 1231 3117 conferuntur
1260 3065 1562 3131 affectibus,
1606 3062 1705 3116 sed
1735 3059 1805 3115 ad
1836 3060 2106 3135 cognitio-

186 3164 309 3199 nem
339 3161 554 3218 quoque
585 3145 882 3201 divinarum
910 3148 1370 3222 humanarumque
1399 3168 1598 3217 rerum,
1642 3150 1894 3221 ut'supra
1925 3155 2105 3201 osten-

188 3230 377 3300 dimus,
419 3232 583 3285 iidem
611 3231 807 3301 valent,
852 3235 1051 3288 etenim
1090 3235 1181 3307 qui
1211 3235 1504 3289 affectuum
1547 3243 1700 3289 aestu
1729 3236 1959 3288 maxime
1989 3251 2105 3288 mo-

189 3325 358 3385 vetur,
402 3319 561 3373 animi
592 3318 845 3374 ardorem
873 3320 927 3374 in
955 3320 1253 3375 litterarum
1281 3322 1604 3377 tractatione
1631 3341 1739 3375 non
1769 3322 1942 3375 minus
1972 3328 2105 3392 prae

188 3421 248 3455 se
284 3400 438 3457 feret.
472 3439 477 3444 ›
535 3405 726 3475 Quod,
780 3425 886 3480 qua
924 3407 1134 3462 ratione
1171 3408 1489 3463 Hamannus
1529 3409 1732 3482 primus
1773 3406 1993 3473 fecerit,
2050 3412 2106 3458 et

189 3487 462 3560 quomodo
511 3508 618 3545 non
653 3500 764 3547 tam
816 3493 898 3548 sui
938 3493 1103 3567 ipsius
1141 3495 1343 3569 agendi
1387 3496 1609 3549 rationis
1663 3502 1887 3562 eventu,
1944 3510 2105 3566 quam

188 3574 667 3649 significationibus
705 3578 910 3636 litteras
947 3583 1298 3655 promoverit,
1343 3581 1470 3637 dum
1500 3583 1793 3651 affectuum
1831 3576 2105 3662 potestati,
