2418 3854
1148 191 1187 250 9

207 386 394 424 nerum
420 366 676 422 medicus,
705 362 813 442 (H.
841 366 899 423 S.
922 366 1043 435 VII,
1076 366 1174 421 76.
1203 364 1483 439 Billigkeit
1513 397 1590 407 —
1624 384 1735 421 war
1755 365 1864 420 ihm
1885 365 2133 441 heiliger,

200 455 285 509 ‘als
316 453 444 524 Rus,
475 455 651 508 Gunst
679 453 787 508 und
820 453 1063 510 Gewinn.
1113 451 1395 524 Billigkeit
1423 452 1512 506 die
1543 452 1704 506 Seele
1732 452 1911 507 seiner
1936 452 2131 529 Hand-

206 542 408 615 lungen
435 540 547 594 und
575 539 838 609 Urtheile,
866 538 1082 593 machte
1113 538 1326 611 selbige
1354 538 1683 593 bescheiden
1711 531 1823 593 und
1842 537 2133 609 standhaft,

210 629 352 682 ohne
378 627 688 701 -Ansehung
735 625 849 680 der·
874 626 1105 694 Person,
1149 624 1364 678 Gestalt
1403 625 1513 678 und
1556 623 1779 701 Form.)
1865 625 2133 680 Parentes

207 715 326 787 ipse
355 714 410 767 in
437 714 546 767 vita
574 732 672 767 sua
700 711 1042 780 (Gedanken
1070 712 1209 766 iiber
1236 706 1447 765 meinen
1478 711 1810 766 Lebenslauf
1831 713 1879 781 Ι,
1914 713 2135 767 149-

211 802 352 855 252.
356 799 387 876 )
418 798 604 869 refert,
634 799 812 853 omnia
839 798 1115 872 paravisse
1141 797 1399 871 largiter,
1429 798 1664 871 quibus'
1652 799 1816 870 1psius
1844 796 2135 872 fratrisque

209 887 371 941 animi
413 894 634 960 possent
677 884 867 940 excoli.
922 883 1037 960 (H.
1083 885 1140 939 S.
1183 884 1307 953 VII,
1356 882 1527 961 163.)
1568 884 1712 938 Dass
1767 885 1888 939 eine
1930 883 2135 955 reiche,

208 973 416 1030 weiche
443 971 760 1045 Erziehung
786 990 984 1025 unsere
1012 968 1366 1026 Bediirfnisse
1406 971 1707 1040 vermehre,
1737 972 1891 1027 weiss
1919 971 2009 1026 ich
2039 989 2135 1026 aus

206 1059 443 1134 leidiger
482 1056 814 1131 Erfahrung.
900 1057 1048 1111 Mein
1086 1058 1285 1126 Vater,
1325 1076 1478 1113 wenn
1516 1077 1578 1112 er
1617 1058 1733 1112 sich
1776 1057 1882 1112 den
1925 1077 2138 1132 ganzen

210 1148 341 1220 Tag
366 1153 525 1200 unter
543 1145 862 1199 Bekannten
893 1162 999 1197 von
1020 1142 1207 1216 jedem
1231 1143 1438 1199 Stande
1457 1144 1622 1199 miide
1644 1145 1951 1218 gearbeitet
1969 1145 2137 1216 hatte,

207 1234 371 1288 liebte
399 1232 526 1286 sehr
552 1230 828 1284 hiiusliche
861 1228 1240 1300 Gesellschaft,
1277 1230 1386 1284 und
1434 1231 1536 1286 alle
1563 1231 1811 1286 Freiheit
1838 1232 1986 1286 eines
2015 1250 2137 1288 ver-

205 1327 423 1374 trauten
449 1318 756 1392 UmgangS,
798 1317 1062 1373 besuchte
1105 1318 1230 1372 kein
1275 1318 1613 1373 offentliches
1654 1319 1813 1372 Haus
1854 1318 1966 1372 und
2007 1317 2141 1373 hielt

209 1415 399 1479 streng
429 1403 523 1459 auf
550 1404 638 1458 die
669 1404 941 1478 Ordnung
969 1405 1148 1459 seiner
1186 1403 1296 1458 und
1339 1408 1519 1459 seiner
1556 1406 1987 1479 Hausgenossen
2015 1405 2137 1460 Le-

207 1493 446 1547 bensart.
476 1524 562 1532 —-
590 1492 710 1547 Wir
743 1490 963 1546 wurden
1011 1491 1122 1545 also
1169 1490 1293 1545 dem
1338 1491 1686 1546 iifl'entlichen
1728 1493 1992 1566 Umgang
2032 1490 2140 1547 fast

209 1597 351 1653 ganz
382 1585 654 1652 entzogen
690 1577 801 1631 und
844 1575 1003 1632 dafiir
1046 1577 1219 1632 durch
1260 1576 1362 1632 alle
1405 1578 1714 1632 hiiuslichen
1761 1578 2141 1634 Gemiichlich-

208 1666 391 1719 keiten
434 1664 543 1718 und
588 1663 850 1718 Freuden
894 1665 1042 1727 eines
1084 1663 1469 1737 biirgerlichen
1510 1664 1872 1738 behaglichen
1898 1659 2161 1721 Wohlle-'

207 1753 342 1806 bens
371 1750 621 1805 schadlos
650 1748 955 1827 gehalten.)

338 1838 514 1899 Quam
544 1837 761 1910 quidem
790 1836 1166 1891 liberalitatem
1206 1836 1297 1909 pie
1326 1855 1543 1909 semper
1577 1837 1677 1891 sibi
1708 1836 1991 1915 colendam
2019 1835 2141 1892 fore

211 1923 360 1978 dicit.
445 1925 829 1979 Verumtamen
872 1924 999 1978 vitia
1031 1924 1086 1985 in
1117 1922 1439 1977 educatione
1469 1924 1634 1996 ipsius
1665 1925 1951 1978 commissa
1981 1932 2140 1979 acute

214 2018 494 2064 enumerat
523 2020 579 2064 et
609 2009 884 2079 diiudicat,
912 2010 1063 2064 velut
1089 2009 1237 2083 quod
1280 2018 1487 2064 temere
1532 2010 1732 2064 alienas
1776 2011 1988 2085 linguas
2032 2011 2141 2065 dis-

214 2115 342 2151 cere
365 2104 592 2150 ‘coactus
623 2105 767 2150 esset
795 2115 1118 2169 quamquam
1159 2097 1379 2170 ingenio
1424 2096 1663 2150 nondum
1705 2098 1834 2152 satis
1879 2100 2141 2152 corrobo-

214 2191 392 2252 ratuS,
422 2202 601 2256 neque
630 2185 693 2237 iis
727 2183 896 2237 literis
939 2181 1271 2236 sufficienter
1311 2183 1628 2253 instructus,
1652 2185 1864 2256 quibus
1907 2185 2142 2239 animum

210 2278 465 2343 tanquam
494 2288 825 2343 praeparare
854 2269 925 2322 ad
963 2268 1632 2342 cognoscendos-aliarum
1662 2272 1904 2344 gentium
1934 2291 2140 2326 sermo-

213 2375 310 2410 nes
339 2356 589 2411 solemuS.
675 2356 818 2410 Nam
846 2357 987 2410 bene
1016 2364 1262 2409 naturam
1291 2356 1444 2429 sequi
1473 2365 1731 2429 oportere
1751 2358 2028 2427 intellexit,
2056 2366 2141 2413 ut-

213 2449 344 2515 pote
373 2461 512 2515 quae
541 2442 824 2515 paulatim,
859 2443 1164 2516 sensimque
1197 2448 1625 2516 unamquamque
1657 2463 1773 2498 rem
1801 2445 2142 2500 tractandam

214 2537 378 2601 atque
407 2529 790 2583 absolvendam
820 2549 941 2583 esse
972 2528 1198 2583 doceat:
1242 2529 1327 2583 vel
1368 2530 1540 2602 ipsam
1583 2531 1811 2603 primam
1853 2532 2141 2586 institutio—

213 2634 339 2668 nem
367 2612 707 2669 referendam
737 2616 913 2690 magis
943 2635 1063 2669 esse
1093 2615 1163 2669 ad
1192 2624 1455 2670 naturam.
1492 2648 1577 2658 -—
1621 2617 1777 2678 Quae
1821 2617 1891 2672 de
1934 2617 2140 2672 studio-

215 2720 334 2755 rum
364 2719 584 2755 suorum
604 2711 858 2775 tempore
890 2702 1037 2772 dicit,
1065 2702 1243 2756 multis
1268 2701 1396 2756 sunt
1421 2703 1725 2757 nominibus
1754 2705 2140 2776 memorabilia,

216 2806 390 2860 eaque
419 2806 535 2840 non¹
557 2788 720 2842 modo
752 2788 1046 2861 declarant,
1077 2809 1238 2863 quam
1267 2791 1406 2843 bene
1437 2797 1492 2843 et
1519 2791 1734 2861 penitus
1758 2811 1818 2845 se
1846 2792 2022 2863 ipsum
2047 2811 2140 2846 co-

215 2874 484 2947 gnoverit,
515 2873 612 2927 sed
643 2876 805 2928 etiam
843 2875 1150 2944 ostendunt,
1193 2895 1354 2948 quam
1396 2876 1680 2949 ingeniose
1723 2878 1883 2930 animi
1926 2897 2144 2951 semper

185 3009 190 3013 ,
216 2959 579 3015 conditionem
609 2968 951 3033 perspectam
980 2961 1246 3031 habuerit,
1272 2962 1511 3034 produnt
1540 2962 1772 3036 denique
1812 2981 1992 3017 raram
2034 2965 2140 3019 sin-

217 3047 498 3100 ceritatem
528 3054 583 3100 et
610 3046 942 3117 libertatem,
972 3067 1135 3121 quum
1163 3048 1476 3121 simpliciter
1504 3050 1708 3116 omnia,
1740 3069 1878 3122 quae
1909 3070 2032 3105 cum
2060 3051 2141 3105 in-

215 3130 523 3186 formatoris
544 3152 767 3187 munere
788 3132 1037 3208 fungenS,
1059 3143 1173 3188 tum
1196 3135 1249 3187 in
1264 3134 1536 3187 hominum
1559 3136 1905 3190 conventibus
1926 3138 2140 3210 saepius

217 3237 586 3288 commoranS,
617 3220 830 3292 saepius
857 3221 1124 3274 commisit
1154 3221 1312 3287 vitia,
1338 3219 1620 3275 detexerit.
1691 3222 1844 3276 Inter
1869 3243 1934 3277 ea
1954 3224 2139 3296 impri-

217 3305 318 3357 mis
335 3305 504 3360 refert
519 3306 752 3360 animum
774 3307 1065 3380 ingratum,
1080 3305 1359 3376 desidiam,
1374 3304 1728 3362 diffidentiam
1751 3317 1806 3362 et
1825 3309 2157 3364 sollicitudi⁴

217 3408 360 3458 nem,
372 3391 710 3466 animumque
732 3393 1073 3462 concitatum,
1088 3412 1195 3466 quo
1217 3392 1386 3447 omnis
1404 3392 1642 3447 hilaritas
1665 3403 1875 3448 remota
1893 3396 1976 3450 sit.
2014 3396 2139 3450 Jam

216 3494 348 3530 vero
371 3478 669 3534 concitatus
693 3480 796 3535 iste
830 3480 1036 3535 animus
1057 3479 1192 3534 lenis
1218 3487 1337 3534 erat
1367 3480 1529 3535 index
1552 3481 1755 3554 ingenii
1782 3476 2052 3554 religiosi,
2080 3489 2142 3537 ut
2235 3514 2255 3531 ς

216 3562 292 3621 ita
313 3561 507 3633 dicam,
529 3565 677 3637 quod·
697 3567 869 3641 magis
900 3575 1144 3642 apparet,
1174 3568 1265 3621 ubi
1297 3567 1456 3622 vitam
1486 3586 1638 3627 suam
1666 3574 1866 3637 narrat,
1897 3586 2057 3641 quam
2085 3569 2139 3622 in
