2418 3854
1122 214 1201 274 61

196 402 375 449 tamen
413 391 556 445 illum
568 431 584 460 ,
630 410 790 464 quem
832 389 1233 463 inpraesentia
1274 388 1696 463 impugnandum
1738 389 2002 461 suscepit,
2057 408 2123 442 ex

196 480 471 552 inopinato
502 478 723 532 sauciat.
809 478 895 532 Ex
935 488 1044 550 'qua
1073 476 1351 549 pugnandi
1392 477 1602 530 ratione
1641 475 2121 548 intelligiturquo-

198 585 332 639 que,
377 564 650 637 quomodo
694 563 853 632 illud,
898 562 1045 636 quod
1083 581 1379 635 personae,
1425 581 1583 661 quam
1626 562 1827 634 scripta
1868 580 1965 614 sua
2000 570 2122 618 ,tanss

199 671 360 725 quam
388 651 744 704 velamentum
773 649 1060 717 induerint,
1089 657 1200 702 tam
1240 668 1405 720 saepe
1434 649 1489 701 in
1519 648 1758 721 epistolis
1797 647 2125 701 mentionem

198 738 397 805 iniecit,
442 736 815 811 accipiendum
845 735 928 791 sit.
986 733 1210 811 (Jacob.
1242 736 1411 808 Oper.
1440 735 1534 803 IV,
1557 735 1623 804 3,
1659 736 1796 789 191.
1841 735 2021 789 Ham.
2013 752 2123 806 ⁴op.

200 825 320 893 VII,
369 825 466 879 90.
1803 875 1806 878 ,

304 823 509 983 Nem-¹2⁵
549 909 764 962 omnino
806 901 1081 981 quispiam
1096 908 1307 980 penitus
1336 906 1677 980 perspexerit
1716 906 1917 979 scripta
1955 864 2128 967 nostri

197 997 496 1069 scriptoris,
536 996 649 1049 nisi
672 995 975 1054 meminerit
1005 1014 1221 1067 semper
1250 994 1396 1063 illud,
1443 993 1590 1067 quod
1621 1012 1743 1046 eum
1772 993 1824 1046 in
1857 995 2042 1062 finem,-
2067 1000 2128 1053 ut

197 1083 457 1156 plurimos
498 1082 711 1150 lateret,
752 1081 1087 1154 optimisque
1117 1081 1377 1154 placeret,
1423 1079 1687 1137 eiusmodi
1725 1079 2128 1141 velamentoet

202 1169 532 1223 obscuritate
563 1188 623 1222 se
651 1188 806 1222 usum
838 1187 959 1228 esse
989 1167 1285 1221 identidem
1311 1167 1457 1221 dixit.
1502 1168 1679 1240 Atque
1707 1164 1958 1239 profecto
1991 1173 2127 1236 erat,

199 1255 347 1329 quod
376 1266 664 1327 personam
693 1254 959 1321 indueret,
1003 1261 1080 1323 ut,
1120 1255 1210 1327 qui
1239 1254 1576 1326 impugnanti
1605 1254 1706 1307 sibi
1735 1254 2001 1326 superbos
2028 1271 2126 1306 no-

198 1362 299 1396 vae
328 1342 464 1395 illius
495 1341 564 1396 de
593 1342 755 1395 rebus
786 1340 974 1395 divinis
1003 1340 1173 1394 libere
1203 1340 1468 1394 sentiendi
1507 1360 1573 1394 ac
1603 1339 1912 1412 disputandi
1940 1340 2125 1400 invenss

196 1437 377 1497 toreS,
421 1427 751 1500 eosdemque
789 1428 1080 1500 magistros
1123 1424 1263 1502 (huc
1305 1428 1446 1481 enim
1485 1425 1774 1480 referenda
1817 1446 1938 1481 esse
1977 1435 2129 1499 patet
2207 1421 2209 1424 ’

200 1515 395 1584 omnia,
441 1520 793 1588 quaecunque
837 1533 903 1567 ex
932 1514 1116 1567 intimo
1157 1514 1395 1586 pectoris
1426 1532 1645 1571 secessu
1673 1512 1929 1588 protulit)
1967 1532 2126 1575 -men-

201 1601 517 1656 dicatoriam
548 1603 704 1654 istam
733 1600 1147 1672 sophisticarum
1188 1609 1243 1654 et
1272 1600 1778 1672 polyhistoricarum
1822 1599 2126 1672 disciplina-

197 1707 334 1756 rum,
364 1687 644 1741 moralium
673 1706 924 1741 sensuum
955 1706 1020 1740 ac
1050 1687 1434 1740 sententiarum
1465 1685 1535 1739 de
1565 1686 1856 1740 christiana
1882 1685 2129 1745 doctrina

197 1776 250 1828 in
281 1773 517 1828 medium
555 1773 887 1846 prolatarum
925 1772 1232 1844 superbiam
1273 1772 1359 1825 vix
1399 1772 1563 1825 risum
1594 1771 2002 1826 misericordem
2034 1786 2126 1833 ex-

200 1869 388 1916 cutere
417 1861 676 1932 potuisse,
719 1878 887 1931 seque
916 1859 1224 1927 vanitatem,
1270 1878 1430 1931 quam
1459 1859 1513 1911 in
1545 1858 1857 1932 dogmatica
1889 1866 1944 1912 et
1972 1858 2124 1931 pole-

199 1947 578 2006 micaratione
606 1947 783 1999 inesse
815 1944 1040 2012 videret,
1072 1954 1127 1998 et
1158 1945 1501 2018 voluptatem,
1533 1964 1694 2018 quam
1725 1965 1792 1999 ex
1823 1946 1985 2000 certis
2011 1945 2127 2018 quir

198 2032 428 2091 busdam
465 2034 626 2086 rebus
669 2032 894 2085 deorum
922 2033 1092 2088 instar
1120 2031 1360 2091 colendis
1401 2051 1507 2086 non
1538 2032 1655 2085 sine
1682 2033 1917 2104 partium
1945 2031 2125 2097 studio

199 2110 562 2193 perciperent,
607 2126 662 2172 et
691 2117 910 2172 delicias
940 2116 1318 2190 praedilectaS,
1364 2138 1495 2190 quas
1526 2119 1616 2191 qui
1647 2127 1890 2172 amarent
1928 2119 2127 2190 prima-

200 2207 400 2260 riarum
439 2206 694 2259 virtutum
741 2212 797 2258 et
835 2204 1118 2268 moralium
1158 2224 1412 2258 sensuum
1465 2205 1680 2259 nomine
1733 2212 2129 2277 nuncuparent,

202 2311 450 2366 quaeque
490 2293 696 2364 pariter
737 2311 802 2345 ac
843 2290 1183 2363 providentia
1223 2290 1400 2344 divina
1430 2292 1481 2344 in
1514 2292 1754 2364 pectoris
1794 2292 2010 2346 humani
2040 2311 2128 2345 re-

198 2379 506 2439 motissimis
535 2379 877 2450 humanoque
908 2378 1139 2431 acumini
1168 2378 1456 2432 inaccessis
1486 2377 1710 2432 latebris
1748 2378 1965 2434 abditae
1993 2379 2127 2432 late-

201 2474 340 2534 rent,
385 2464 726 2520 condoluisse
754 2465 1142 2536 pronuntiaret,
1183 2483 1385 2537 eosque
1416 2465 1508 2537 qui
1534 2465 1874 2520 nihilominus
1903 2466 1955 2520 in
1988 2466 2128 2520 eius-

203 2551 350 2606 modi
390 2552 631 2605 sensibus
671 2551 964 2604 moralibus
995 2559 1050 2604 et
1078 2551 1128 2604 in
1163 2552 1431 2605 communi
1460 2551 1688 2605 hominis
1716 2553 1928 2607 ratione
1968 2552 2131 2607 deum

205 2637 576 2711 cognoscendi
614 2638 892 2710 principia,
937 2638 1099 2710 inque
1140 2637 1490 2692 humanarum
1527 2657 1711 2692 rerum
1740 2639 1966 2694 scientia
1997 2639 2130 2695 divi-

206 2744 308 2778 nae
340 2724 577 2777 veritatis
606 2722 812 2777 fontem
842 2725 1106 2783 contineri
1135 2732 1450 2792 statuerent,
1481 2725 1828 2780 acerbissime
1855 2726 2129 2783 irrideret.

202 2805 433 2864 Mirifice
465 2811 554 2878 ait,
585 2829 770 2864 errare
801 2830 915 2880 eoS,
945 2811 1036 2883 qui
1066 2812 1207 2865 sanis
1235 2812 1476 2883 ipsorum
1504 2811 1734 2884 pedibus
1762 2832 1889 2867 usos
1917 2813 1972 2866 in
2002 2831 2131 2874 coe,-

202 2898 313 2952 lum
342 2896 501 2950 etiam
530 2890 825 2950 transsilire
866 2917 925 2950 se
954 2916 1117 2969 posse
1165 2906 1221 2951 et
1249 2899 1472 2951 remotis
1502 2900 1814 2955 carceribus
1857 2899 1948 2971 qui
1990 2899 2132 2952 inter

201 2992 405 3038 terram
436 2990 491 3036 et
521 2982 732 3037 coelum
759 2983 1027 3038 interiecti
1057 2980 1195 3050 sunt,
1239 2985 1400 3038 rebus
1429 2985 1705 3057 ipsissimis
1746 2986 1780 3039 i.
1812 3004 1859 3038 e.
1900 2984 2133 3040 realitati

201 3069 382 3124 locum
421 3068 556 3137 dari,
599 3069 920 3141 humanique
964 3069 1125 3123 animi
1164 3070 1551 3124 beatitudinem
1590 3071 1642 3123 in
1688 3090 1774 3141 ec,
1818 3079 1878 3125 ut
1916 3071 1989 3125 illi
2029 3090 2129 3144 pro

206 3156 427 3210 arbitrio
460 3164 515 3209 et
543 3155 697 3208 nullis
728 3155 948 3208 vinculis
978 3154 1237 3227 impedito
1268 3157 1468 3209 sentire
1488 3164 1555 3218 ‚et
1578 3157 1749 3230 agere
1774 3157 1951 3227 liceat,
1982 3158 2131 3222 cerni

205 3242 505 3313 opinentur.
593 3242 696 3295 His
739 3261 848 3294 non
878 3241 1093 3295 aliunde
1134 3242 1390 3314 acceptiS,
1435 3242 1533 3296 sed
1573 3262 1640 3297 ex
1669 3242 1820 3298 fonte
1849 3245 1967 3317 ipso
1998 3244 2129 3297 hau-

207 3327 300 3380 stis
329 3329 602 3400 principiis
633 3327 881 3382 addictos
912 3346 1032 3381 esse
1063 3347 1177 3397 eOS,
1222 3328 1311 3401 qui
1354 3330 1584 3401 positiva
1614 3349 1966 3403 quaecunque
2005 3324 2131 3382 reli--

207 3412 302 3486 gio
334 3413 461 3485 quin
489 3415 649 3468 statui
679 3414 893 3483 debeat,
925 3413 1186 3484 dubitent,
1217 3434 1340 3469 cum
1367 3415 1576 3489 illisque
1606 3418 1904 3471 arctissime
1935 3415 2131 3470 cohae-

206 3517 332 3553 rere
361 3517 523 3553 vanas
553 3500 824 3571 virtutum,
870 3520 1009 3574 quae
1049 3501 1138 3571 dei
1168 3502 1288 3571 sint,
1335 3500 1673 3573 definitiones
1714 3511 1768 3557 et
1808 3501 2134 3583 abstractam

208 3585 338 3639 iuris
370 3584 687 3657 doctrinam,
730 3568 1132 3663 permultasque
1162 3587 1293 3643 alias
1324 3582 1566 3662 ineptias
1625 3588 1632 3601 ’“
