2418 3854
1219 162 1256 213 4

275 339 331 386 et
358 332 428 384 oh
459 329 690 390 eandem
719 347 962 384 caussam
1003 329 1245 387 eiusdem
1273 330 1565 385 sententias
1594 331 1933 409 theologicas
1964 338 2199 409 reticuit,
2243 346 2247 355 '

273 418 452 472 obiter
491 418 836 488 breviterque
876 417 1085 485 omnia,
1131 437 1270 490 quae
1301 417 1372 470 ad
1411 417 1730 491 religionem
1769 431 2041 495 spectant,
2080 426 2196 498 pie-

269 504 414 558 tismi
451 503 668 558 nomine
708 509 899 555 notans
940 509 996 556 et
1036 502 1427 559 christianismo
1479 505 1754 558 Hamanni
1805 508 1990 565 dicens
2030 511 2197 566 fidem

269 591 460 646 haberi
502 609 611 644 non
652 589 844 661 posse,
890 589 1115 662 quippe
1134 590 1226 663 qui
1267 591 1508 662 speciem
1551 590 1924 662 christianismi
1965 606 2198 652 tantum-

267 677 434 733 modo
464 675 724 744 induerit,
764 682 996 747 postea
985 694 1129 729 vero
1175 695 1241 729 eo
1288 676 1357 729 sit
1384 675 1668 748 redactuS,
1712 686 1772 733 ut
1815 683 1993 767 omnia
2031 684 2199 758 ipsius

268 764 471 837 scripta
499 762 554 815 in
581 760 689 815 hoc
716 758 1066 815 fundamento
1095 760 1321 816 fulserit.

379 846 694 903 Laudabilis
732 857 788 901 et
825 855 1057 920 propter
1094 847 1411 902 fidelitatem
1451 849 1508 904 in
1539 842 1960 923 perlustrandis,
2004 816 2197 920 diiudi-

266 935 561 1008 candisque
589 934 1032 1008 philosophorum
1063 934 1219 989 dictis
1249 934 1430 1009 digna
1447 945 1548 1006 est,
1578 957 1717 1010 quae
1741 939 2046 995 accuratius
2074 961 2198 1013 per-

262 1022 549 1098 pendatur,
594 1021 873 1095 religionis
903 1021 1222 1090 aestimatio,
1264 1022 1316 1076 in
1346 1021 1720 1097 philosophiae
1749 1026 1991 1097 historia,
2036 1046 2195 1101 quam

261 1107 601 1165 Micheletius
661 1108 1009 1180 conscripsit,
1063 1107 1341 1181 exhibitaj
1409 1106 1789 1184 (Geschichte
1843 1113 1943 1167 der
1998 1113 2198 1168 letzten

262 1198 513 1270 Systeme
554 1194 655 1248 der
694 1193 1049 1267 Philosophie
1085 1195 1140 1250 in
1169 1195 1545 1250 Deutschland
1573 1217 1679 1253 von
1706 1200 1856 1254 Kant
1883 1201 1965 1254 bis
1993 1200 2198 1274 Hegel.

260 1283 448 1339 Berlin
494 1279 711 1357 1837.)
766 1281 859 1334 ubi
889 1281 1053 1336 etiam
1080 1283 1374 1351 rationem,
1419 1302 1559 1356 quae
1586 1285 1729 1339 inter
1767 1287 2114 1342 Hamannum
2142 1296 2200 1342 et
2277 1294 2287 1300 '

258 1369 539 1426 Iacobium
569 1368 794 1440 eiusque
832 1367 1074 1423 scholam
1102 1367 1432 1438 intercedat,
1463 1370 1703 1425 breviter
1730 1373 1798 1425 ab
1827 1361 2196 1446 Hegelio—ad'·

257 1457 589 1524 umbratam,
633 1454 953 1509 luculentius
982 1456 1262 1524 tractavit,
1304 1464 1359 1510 et
1389 1457 1567 1510 omnia
1594 1466 1706 1512 tam
1736 1467 1896 1514 acute
1925 1460 2195 1515 examina—

258 1545 350 1613 vit,
395 1551 451 1597 et
480 1542 705 1614 copiose
734 1542 1057 1615 explanavit,
1085 1551 1147 1597 ut
1173 1552 1470 1616 praecepta
1497 1545 1770 1599 Hamanni
1801 1554 1857 1600 et
1882 1546 2196 1622 theologica

258 1638 314 1686 et
340 1628 718 1703 philosophica
744 1647 948 1703 magna
978 1649 1044 1682 ex
1074 1638 1231 1702 parte
1261 1629 1525 1685 eluceant.

374 1715 585 1777 Quodsi
616 1734 725 1789 ego
755 1722 881 1788 post
922 1715 1058 1769 tales
1088 1724 1463 1770 antecessores
1492 1717 1689 1771 timore
1718 1718 1949 1773 affectus
1978 1738 2046 1774 ac
2073 1717 2192 1775 fere

256 1803 574 1858 absterritus
603 1802 809 1875 ingenii
837 1802 946 1856 mei
985 1802 1306 1857 infirmitatis
1348 1804 1680 1859 conscientia
1719 1805 1896 1860 animo
1941 1805 2190 1862 audacis-

254 1891 390 1945 simo
423 1909 489 1944 ac
517 1886 635 1943 fere
663 1889 956 1943 temerario
997 1888 1054 1944 id
1100 1890 1346 1963 suscepi,
1390 1898 1452 1945 ut
1491 1890 1621 1965 quid
1660 1891 1878 1946 assidua
1919 1894 2193 1962 Hamanni

253 1978 582 2049 scriptorum
624 1975 859 2030 lectione
903 1995 969 2030 ac
1026 1976 1460 2048 perscrutatione
1518 1987 1842 2037 consecutus
1897 1998 2018 2035 esse
2059 1979 2191 2035 mihi

253 2065 396 2118 visus
427 2063 544 2130 sim,
573 2062 626 2115 in
656 2061 893 2116 medium
925 2062 1198 2132 afferrem,
1228 2082 1317 2116 me
1348 2072 1577 2138 propter
1604 2066 1796 2119 virium
1823 2066 2190 2123 infirmitatem

253 2151 468 2224 saepius
509 2150 850 2222 propositum
877 2148 1007 2203 illud
1038 2148 1397 2223 abjicientem,
1432 2152 1806 2206 tantummodo
1836 2172 2071 2221 summus
2100 2154 2189 2209 ille

251 2238 372 2291 finis
402 2236 813 2310 investigandae
856 2237 1098 2291 veritatis
1142 2239 1459 2293 sustentavit
1502 2247 1667 2313 atque
1711 2240 1914 2310 erexit,
1954 2249 2018 2296 ut
2043 2261 2187 2296 sum-

250 2343 423 2394 mam,
463 2342 573 2377 non
617 2323 741 2378 dico
772 2323 1188 2396 insuperabilem
1227 2322 1599 2381 difficultatem
1645 2345 1768 2381 cum
1808 2327 2022 2400 penitus
2060 2347 2187 2402 per-

251 2410 516 2484 spiciendi
546 2411 661 2464 eius
691 2411 909 2483 scripta,
940 2419 1052 2465 tum
1084 2430 1177 2480 ea,
1218 2431 1357 2485 quae
1386 2409 1530 2467 forte
1560 2431 1689 2481 yera
1719 2413 1896 2467 animo
1927 2414 2185 2471 obversa·-

249 2509 454 2567 rentur,
498 2496 661 2552 latine
706 2506 858 2552 recte
903 2497 1239 2570 exprimendi
1293 2517 1401 2552 non
1443 2518 1681 2555 vererer.
1780 2500 1930 2561 Quas
1943 2542 1960 2570 ,
2019 2521 2184 2576 quum

250 2603 594 2657 summopere
625 2584 889 2653 eniterer,
937 2595 994 2638 ut
1033 2586 1305 2641 vincerem
1334 2582 1706 2656 difficultate3‚
1750 2586 1854 2641 alia
1883 2588 2186 2644 accedebat

248 2671 387 2726 haec
415 2670 561 2724 haud
590 2671 766 2724 minor
795 2669 911 2724 fere
942 2669 1248 2741 difficultas,
1294 2691 1400 2745 qua
1427 2672 1514 2726 via
1545 2682 1600 2727 et
1629 2693 1862 2747 quonam
1891 2674 2057 2731 modo
2085 2675 2184 2731 ho-

248 2778 370 2817 rum
400 2757 703 2812 studiorum
731 2757 1024 2815 redderem
1053 2758 1335 2813 rationem.
1388 2759 1651 2814 Poteram
1681 2761 1839 2830 enim,
1883 2770 1944 2817 ut
1971 2781 2005 2817 a
2031 2760 2182 2817 facil-

247 2846 384 2899 limis
426 2844 639 2913 ordiar',
685 2845 838 2917 sequi
877 2844 1103 2918 Hegelii
1145 2845 1455 2915 consilium,
1498 2855 1559 2901 ut
1609 2847 1892 2920 praeclare
1932 2868 2182 2923 quaeque

249 2933 492 3006 cogitata
538 2940 594 2986 et
623 2930 769 2985 dicta
800 2950 866 3000 ex
909 2932 1183 2985 Hamanni
1229 2933 1483 3005 operibus
1529 2952 1883 3008 excerperem
1926 2944 1982 2990 et
2011 2935 2181 3010 elige-

245 3037 380 3087 rem,
412 3039 479 3073 ex
508 3018 694 3073 electis
721 3026 919 3089 autem,
944 3037 1084 3091 quae
1105 3037 1297 3073 revera
1322 3020 1544 3074 alicuius
1569 3021 1883 3077 viderentur
1905 3022 2179 3092 momenti,

247 3106 493 3160 omnibus
524 3104 847 3160 excutienda
888 3125 952 3158 ac
982 3105 1264 3178 probanda
1292 3126 1675 3180 proponerem.

330 3192 478 3248 Utile
506 3210 674 3264 porro
706 3201 850 3259 erat,
885 3201 954 3246 ut
981 3192 1134 3247 locos
1164 3193 1429 3267 quosdam
1459 3195 1739 3264 obscuros»,
1783 3193 1873 3268 qui
1901 3193 1956 3248 in
1986 3213 2178 3250 caussa

246 3298 465 3353 quoque
507 3287 657 3346 sunt,
701 3278 850 3350 quod
880 3280 1082 3352 scripta
1124 3280 1238 3334 eius
1280 3281 1484 3355 ubique
1525 3279 1644 3337 fere
1685 3280 1940 3354 neglecta
1981 3281 2179 3353 iacent,

248 3367 605 3440 exquirerem,
633 3365 928 3437 exquisitos
951 3384 1088 3419 vero
1118 3365 1455 3423 illustrarem.
1481 3367 1596 3422 Sed
1625 3374 2037 3443 quantacunque
2059 3366 2178 3424 fue-

245 3453 315 3507 rit
356 3453 550 3508 utilitas
583 3470 650 3507 ex
690 3451 794 3506 hac
839 3451 1184 3525 inquisitione
1210 3452 1562 3524 vredundanS,
1605 3462 1785 3510 tamen
1813 3453 1922 3511 hoc
1951 3456 2176 3531 consilio
