2418 3854
1084 192 1165 251 55

162 370 473 438 dissolubili,
505 387 663 441 quam
693 375 966 441 tamquam
994 368 1125 422 iuris
1156 376 1212 421 et
1235 367 1439 422 ethices
1463 387 1721 422 summam
1748 366 2088 420 Mendelsoh-

56 519 58 522 f
159 460 328 515 nianis
359 457 457 511 illis
491 456 776 509 verborum
820 454 1218 528 definitionibus
1261 456 1515 526 opposuit
1553 456 1869 509 Hamannus
1910 453 1962 505 in
2002 471 2088 505 re-

162 567 278 602 rum
311 544 535 599 duarum
568 562 599 595 e
628 541 856 615 regione
886 541 987 593 sibi
1013 541 1381 612 oppositarum
1404 541 1783 595 coniunctione
1808 539 2091 593 veritatem

162 633 312 688 cerni
349 628 682 702 intelligenS,
723 646 854 682 vera
894 637 950 682 et
993 627 1187 681 altiora
1216 626 1589 701 philosophiae
1619 627 1884 700 principia
1913 625 2091 678 inesse

148 717 452 794 perspexit.
704 765 711 778 x

333 803 445 871 „Es
476 799 725 874 gereicht
754 819 875 853 zum
903 799 1120 854 Ruhme
1151 799 1252 854 der
1278 800 1460 854 Kunst
1488 799 1599 854 und
1628 799 1772 853 ihres
1807 796 2095 852 Zeitalters

243 888 452 960 „durch
495 888 616 942 eine
655 887 970 964 petitionem
1009 887 1258 959 principii
1298 887 1500 940 minimi
1541 887 1626 941 ein
1658 884 2097 939 Scheidewasser

246 974 673 1047 „allerhiichster
702 973 901 1026 Stiirke
930 973 1452 1046 hervorzubringen‚
1483 971 1593 1028 und
1623 971 1791 1026 damit
1820 971 1948 1024 alles
1977 970 2094 1023 Me-

248 1062 377 1133 „tall
407 1060 506 1114 der
535 1057 927 1132 tiessinnigsten
957 1059 1065 1113 und
1100 1059 1455 1116 erhabensten
1489 1059 1755 1115 Materien
1799 1057 1911 1112 und
1953 1055 2097 1111 Wis-

248 1143 643 1218 „senschaften,
674 1144 751 1198 als
782 1145 1111 1219 Theologie,
1140 1146 1362 1213 Politik,
1393 1146 1585 1214 Moral,
1618 1148 1773 1210 Gott,
1803 1146 1959 1198 Staat
1988 1139 2099 1196 und

247 1233 580 1305 „Menschen
617 1230 762 1300 sind,
803 1231 1006 1287 welche
1057 1232 1206 1288 nicht
1244 1233 1576 1306 geschieden
1621 1230 1836 1287 werden
1881 1231 2101 1284 konnen

247 1319 395 1391 „und
447 1318 615 1373 deren
665 1319 900 1372 Ee'nhez‘t
943 1317 1040 1372 das
1077 1319 1368 1373 Maximum
1410 1319 1543 1373 aller
1586 1318 1964 1372 Geheimnisse
2006 1334 2100 1368 an-

247 1404 560 1478 „schauend
590 1403 699 1459 und
730 1404 995 1459 natiirlich
1025 1405 1234 1474 macht,
1267 1407 1320 1459 in
1351 1406 1468 1462 ihre
1505 1403 1798 1462 idealische
1837 1402 2103 1458 Eitelkeit

246 1526 381 1564 ‚,--
411 1489 778 1546 aufzuliisenf‘
832 1489 958 1565 (IV,
991 1490 1167 1567 439.)

292 1581 448 1642 Quae
477 1597 608 1632 vero
637 1578 957 1633 Hamannus
988 1577 1186 1632 deinde
1217 1577 1478 1633 adversus
1510 1597 1648 1645 eam,
1672 1597 1811 1650 quae
1841 1585 1979 1631 tunc·
2004 1575 2101 1628 ob-

162 1668 384 1734 tinebat,
413 1663 806 1738 philosophiam
836 1663 1077 1736 protulit,
1109 1684 1356 1738 quaeque
1385 1666 1461 1718 ita
1501 1671 1817 1735 comparata
1861 1671 2001 1730 sunt,
2044 1667 2104 1715 ut

164 1753 461 1808 hodiernae
515 1769 733 1824 quoque
790 1749 1105 1823 disciplinae
1160 1750 1371 1824 placitis
1414 1749 1796 1823 impugnandis
1842 1747 2103 1802 inservire

166 1841 401 1915 possint,
457 1857 523 1892 ea
573 1845 634 1892 ut
696 1845 1100 1910 cognoscantur
1150 1836 1416 1892 lectorem
1476 1835 1547 1891 ad
1599 1836 1824 1910 Hegelii
1877 1853 2105 1908 operum

165 1938 278 1982 tom
306 1925 484 1982 X‘VII.
514 1943 566 1997 p.
601 1923 697 1979 83.
729 1943 844 1997 sqq.
877 1922 1211 1996 ablegamus,

295 2013 377 2067 Ac
405 2010 550 2078 licet,
581 2028 686 2082 qua
717 2009 787 2063 ad
819 2029 1005 2065 verum
1034 2009 1405 2083 indagandum
1437 2009 1852 2082 philosophandi
1896 2008 2107 2062 ratione

171 2097 426 2154 utendum
471 2097 540 2150 sit
578 2097 895 2150 Hamannus
936 2097 1138 2151 rectius
1182 2096 1465 2152 Wolfianis
1516 2097 1887 2169 perspexerit,
1925 2104 2108 2151 tamen

170 2205 292 2240 eum
331 2182 717 2258 principiorum
759 2183 826 2235 ab
870 2183 989 2255 ipso
1041 2183 1380 2240 inventorum
1427 2183 1844 2255 explicationem
1890 2182 2107 2236 omnino

169 2272 396 2326 inscium
426 2269 874 2342 suisquepviribus
905 2266 1243 2324 diffidentem
1273 2270 1386 2323 sive
1417 2269 1679 2337 omisisse,
1710 2270 1841 2338 sive,
1872 2269 1928 2323 id
1959 2265 2108 2342 quod

167 2356 503 2412 verisimilius
545 2364 629 2409 est
666 2354 737 2409 de
777 2355 1039 2410 industria
1091 2356 1426 2428 neglexisse,
1466 2355 1625 2410 valde
1668 2355 1963 2411 dolendum
2005 2362 2105 2408 est.

170 2444 306 2515 „Ich
349 2444 489 2497 habe
519 2441 667 2496 nicht
695 2442 877 2496 Musse
906 2441 1017 2497 und
1045 2441 1242 2496 Krafte
1271 2462 1340 2498 zu
1370 2442 1825 2516 labyrinthischen
1857 2443 2111 2515 Spazier-

171 2532 392 2606 gangen
436 2528 547 2584 und
576 2528 1033 2603 peripatetischen
1062 2528 1491 2602 Labyrinthen,“
1531 2530 1608 2585 ita
1637 2530 1826 2584 scribit
1852 2527 1977 2597 VII,
2009 2529 2110 2583 42.

122 2643 128 2649 ’
170 2649 256 2658 —-
284 2617 407 2672 Jam
436 2616 490 2669 in
519 2615 882 2689 sequentibuS,
915 2615 985 2669 de
1015 2616 1206 2689 quibus
1243 2613 1382 2670 infra
1423 2615 1665 2683 dicetur,
1714 2617 1803 2670 ubi
1845 2616 2112 2670 rationem

171 2705 330 2758 istam
374 2701 685 2774 disciplinae
725 2701 1099 2775 philosophiae
1147 2703 1201 2756 in
1245 2702 1583 2757 idealismum
1624 2712 1680 2758 et
1722 2703 2032 2758 realismum
2055 2699 2110 2776 *)

173 2790 475 2864 dispersam
504 2788 907 2860 reprehendens
939 2798 995 2844 et
1021 2789 1075 2844 in
1106 2789 1377 2862 opinione,
1409 2809 1568 2863 quam
1599 2790 1768 2844 semel
1809 2790 2113 2854 imbiberat,

174 2896 357 2931 veram
391 2884 445 2930 et
475 2874 764 2947 genuinam
793 2875 1000 2932 scilicet
1028 2875 1421 2949 philosophiam
1453 2877 1719 2930 eiusmodi
1763 2873 2112 2948 dispersionis

173 2964 337 3018 fictae
367 2981 399 3015 a
430 2961 617 3033 reique
647 2969 837 3017 natura
866 2981 1090 3033 prorsus
1119 2961 1327 3016 alienae
1359 2973 1522 3036 atque
1553 2963 1742 3018 unitati
1779 2961 2113 3015 adversantis

97 3105 114 3116 ,
173 3049 421 3122 ignaram
452 3067 599 3113 esse,
629 3066 1015 3118 perseveram,
1055 3047 1371 3105 methodum
1414 3049 1555 3104 illam
1602 3049 1672 3103 de
1718 3049 1881 3102 rebus
1925 3047 2114 3101 divinis

176 3135 344 3190 libere
374 3132 639 3191 sentiendi
670 3142 726 3186 et
755 3133 1063 3206 disputandi
1091 3153 1124 3187 a
1165 3136 1457 3206 superficie
1502 3135 1790 3189 delibatam
1809 3176 1824 3203 ,
1867 3153 2007 3207 quae
2049 3152 2115 3186 ex

177 3220 267 3274 illo
295 3217 710 3295 philosophandi
739 3219 903 3274 modo
940 3220 1218 3274 exoriatur
1257 3220 1311 3274 iri
1353 3221 1659 3276 universum
1699 3221 2020 3294 perstringit
2061 3228 2117 3273 et

178 3304 394 3363 fucatae
434 3307 520 3362 isti
563 3306 861 3379 sapienti-ae
890 3305 943 3363 h.
974 3326 1022 3361 e.
1052 3304 1410 3379 speculationi
1439 3306 1606 3363 falsae
1639 3308 1985 3363 christianam
2018 3304 2116 3358 do-

181 3393 407 3448 ctrinam
434 3393 518 3447 vel
547 3393 725 3467 potius
755 3392 1104 3450 christianam
1132 3392 1298 3449 fidem
1329 3395 1569 3468 opponit.
1603 3393 1760 3469 (VII,
1797 3396 1916 3447 107
1925 3392 1971 3459 )
2019 3394 2112 3446 At-

299 3589 342 3639 *)
372 3589 428 3631 V.
457 3589 621 3629 Jacobii
651 3590 800 3641 opert.
830 3592 908 3646 IV,
940 3586 984 3645 3,
1014 3585 1114 3633 342.
