2418 3854
1092 170 1175 229 43

139 369 143 373 “
176 352 349 423 ipsum
393 365 514 400 sese
558 354 764 415 contra,
807 346 852 399 si
896 345 1099 418 scripta,
1139 363 1235 398 sua
1282 347 1418 399 bene
1463 353 1642 399 essent
1680 323 1934 415 cessura,
1977 346 2093 400 lite·

177 442 358 490 rarum
401 433 596 487 heroas
642 437 989 505 quoscunque
1030 430 1404 503 philosophico
1457 432 1617 504 pallio
1674 432 1923 501 indutOS,
1975 452 2095 487 esse

176 522 453 577 irrisurum
498 517 664 594 (VII,
693 516 882 594 197.).
926 516 1037 570 Sed
1081 536 1150 570 ne
1191 518 1452 572 tantillum
1496 518 1713 591 quidem
1753 519 1967 573 veritati
2000 518 2117 590 de<

176 607 476 673 trahamuS,
522 602 828 659 addendum
870 604 1023 657 nobis
1069 612 1152 657 est
1193 603 1263 656 ad
1307 605 1578 658 Hamanni
1621 605 1898 678 scriptoris
1940 605 2096 658 indo-

175 695 281 748 lem
334 691 662 765 peculiarem
715 691 1035 764 pertinuisse
1088 687 1389 744 deformem
1457 690 1796 746 adversarios
1848 690 2097 746 acerbius

176 778 437 834 irridendi
481 779 729 851 iustoque
772 777 991 851 gravius
1034 795 1100 831 ac
1147 776 1425 831 violentius
1449 777 1881 850 reprehendendi
1924 776 2096 831 libidi-

177 886 318 934 nem,
364 874 605 920 exortam
649 864 790 917 illam
833 863 993 916 nimia
1013 864 1262 917 virtutem
1305 883 1521 917 suarum
1549 864 1660 917 sive
1702 883 1954 919 verarum
1987 864 2100 918 sive

178 955 427 1007 fictarum
473 950 815 1004 conscientia.
858 952 931 1004 At
974 951 1189 1003 conanti
1229 950 1356 1004 mihi
1397 950 1518 1004 libri
1561 951 1628 1003 ab
1671 952 1961 1005 Hamanno
2005 949 2101 1004 ad-

182 1058 364 1093 versus
390 1036 862 1090 Mendelssohnum
905 1037 1091 1108 scripti
1135 1047 1409 1090 externam
1447 1038 1848 1110 compositionis
1872 1036 2104 1091 formam

181 1124 512 1200 peculiarem
567 1143 631 1177 ac
686 1123 948 1176 internam
1006 1124 1312 1195 argumenti
1364 1123 1599 1177 indolem
1654 1124 1982 1197 singularem
2037 1143 2106 1178 ex

181 1213 296 1267 eius
341 1210 554 1283 origine
599 1208 989 1278 demonstrare,
1035 1210 1298 1264 obiecerit
1340 1210 1619 1283 quispiam,
1662 1220 1951 1284 utrumque
1974 1209 2105 1264 illud

178 1317 287 1352 non
332 1296 482 1377 cerni
523 1296 578 1349 in
619 1295 726 1363 hoc
780 1303 986 1349 tantum
1032 1296 1305 1351 Hamanni
1357 1297 1524 1366 libro,
1581 1297 1678 1351 sed
1730 1298 1784 1352 in
1841 1298 2106 1367 omnibnS,

180 1402 533 1458 quaecunque
578 1390 633 1437 et
677 1389 835 1437 antea
879 1390 935 1436 et
975 1391 1167 1455 postea
1210 1384 1501 1456 scripserit,
1546 1384 1800 1457 operibus
1845 1405 1966 1439 esse
2011 1403 2104 1438 ex-

178 1489 452 1544 pressum3
495 1489 672 1543 neque
716 1488 948 1541 unquam
992 1471 1710 1524 consuevisse-Hamannum
1738 1472 1959 1526 consilio
1993 1478 2106 1525 tam

179 1576 450 1631 perpenso
497 1565 552 1610 et
595 1556 848 1610 exomni
890 1564 1046 1628 parte
1089 1557 1372 1611 aestimato
1416 1556 1487 1611 ad
1525 1557 1868 1613 scribendum
1910 1558 2107 1612 librum

181 1645 416 1698 animum
461 1642 762 1715 appellere,
817 1642 926 1695 imo
970 1642 1329 1714 peculiarem,
1384 1663 1543 1715 quem
1593 1645 1644 1697 in
1693 1645 1806 1698 eius
1851 1645 2106 1718 operibus

182 1729 667 1803 deprehendamus,
710 1728 948 1782 habitum
982 1720 1057 1782 'ac
1086 1726 1316 1783 formam
1357 1729 1485 1783 nihil
1530 1749 1650 1784 esse
1672 1731 1772 1784 nisi
1813 1730 2108 1805 imaginem

181 1816 253 1891 ad
295 1815 624 1890 peculiarem
665 1815 830 1887 ipsius
874 1814 1138 1869 sentiendi
1191 1816 1576 1890 cogitandique
1619 1817 1840 1871 modum
1885 1836 2106 1891 expres-

184 1915 314 1959 sam.
364 1955 369 1963 ,,
404 1902 715 1975 speciosius
758 1899 1008 1975 profecto
1022 1943 1038 1971 ,
1084 1922 1244 1976 quam
1287 1903 1491 1958 verius!
1557 1903 1774 1958 Etenim
1818 1913 1878 1958 ut
1918 1903 1989 1958 ad
2031 1903 2106 1972 id,

184 1988 333 2064 quod
376 1989 549 2062 primo
593 1988 715 2042 loco
763 1979 924 2042 obiici
965 2008 1128 2061 posse
1171 1990 1487 2063 significavi,
1530 1990 1917 2063 respondeam,
1962 1991 2105 2045 simi·
2170 2016 2176 2025 ·*

182 2075 352 2131 litudo
395 2075 501 2144 illa,
546 2094 685 2148 quae
728 2075 868 2129 inter
911 2076 1152 2147 priorum
1196 2086 1252 2130 et
1283 2077 1646 2149 posteriorum
1667 2078 1939 2132 Hamanni
1974 2097 2106 2151 ope-

183 2183 302 2217 rum
346 2162 522 2216 stilum
567 2181 631 2215 ac
675 2160 914 2215 habitum
958 2162 1272 2230 intercedit,
1327 2160 1484 2217 facile
1539 2164 1838 2237 explicatur
1889 2184 1956 2218 ex
1998 2166 2108 2218 fine

185 2259 251 2304 ac
295 2249 517 2303 consilio
563 2248 807 2301 omnibus
851 2249 1105 2320 operibus
1135 2250 1432 2318 communi,
1475 2250 1620 2304 unde
1665 2238 1815 2305 certa
1842 2250 2109 2324 quaedam

187 2345 242 2390 et
282 2335 567 2408 peculiaris
612 2334 715 2388 stili
770 2332 946 2388 forma
1005 2335 1348 2389 diversissimi
1405 2338 1709 2410 argumenti
1752 2348 1808 2391 et
1847 2338 2108 2411 temporis

187 2422 441 2495 operibus
483 2422 881 2494 imprimeretur
922 2441 1147 2478 necesse
1170 2430 1302 2477 erat.
1359 2423 1573 2483 Quanto
1614 2422 1811 2478 deinde
1849 2425 1968 2479 iure
1990 2425 2106 2478 viro

170 2508 469 2582 ingenioso
482 2549 498 2577 ,
558 2509 758 2581 quippe
802 2509 893 2580 qui
949 2528 1015 2562 ex
1068 2509 1271 2582 ingenii
1314 2510 1396 2563 sui
1436 2530 1581 2583 penu
1623 2509 2110 2565 admirabilissimas

190 2595 374 2667 copias
417 2594 613 2648 inscius
658 2594 800 2648 nullo
846 2594 1083 2649 adhibito
1128 2595 1315 2649 labore
1359 2595 1659 2669 depromat,
1706 2594 1804 2672 (ac
1845 2597 2009 2652 talem
2032 2597 2110 2651 vi-

190 2701 309 2735 rum
351 2682 693 2742 Hamannum
734 2679 899 2735 fuisse
941 2679 1100 2737 ne‘mo
1147 2702 1280 2736 unus
1324 2682 1638 2757 negaverit)
1665 2717 1749 2725 —-
1771 2694 1989 2757 quanto,
2031 2686 2110 2738 in-

191 2788 368 2842 quam,
411 2768 528 2821 iure
552 2779 657 2822 tam
702 2768 985 2841 ingenioso
1022 2770 1138 2822 viro
1169 2770 1448 2824 consilium
1475 2769 1698 2824 *futuros
1744 2772 1924 2844 operis
1949 2790 2110 2825 even--

188 2866 274 2910 tus
317 2853 712 2926 praemeditans
736 2855 972 2909 tribuant
1008 2855 1081 2909 illi
1124 2856 1226 2928 ipsi
1250 2856 1508 2925 viderint3
1553 2857 1803 2931 equidem
1824 2857 1894 2910 ad
1928 2865 2111 2929 partes

191 2960 381 2997 eorum
427 2937 700 3013 confugio,
744 2941 835 3013 qui
875 2942 1043 2995 libros
1084 2950 1192 2997 tam
1229 2962 1462 3015 operose
1505 2944 1575 2998 ad
1604 2953 1809 2998 certum
1837 2942 2112 3016 quoddam

193 3027 471 3083 consilium
514 3026 812 3095 elaborare,
855 3047 962 3081 non
993 3028 1270 3082 eiusmodi
1312 3030 1614 3101 scriptoriS,
1659 3030 1936 3084 consilium
1979 3049 2110 3084 vero

195 3123 261 3169 et.
290 3133 486 3168 nexum
516 3113 850 3168 nihilominus
894 3115 961 3169 ab
1019 3133 1085 3168 eo
1141 3119 1311 3169 inscio
1356 3115 1650 3170 adhibitum
1693 3125 1855 3190 atque
1897 3117 1951 3171 in
1995 3117 2110 3171 eius

196 3219 363 3272 opere
408 3200 756 3272 conspicuum
798 3200 1126 3274 investigare
1172 3220 1236 3255 ac
1263 3201 1543 3256 declarare
1582 3203 1888 3276 interpretis
1912 3204 2109 3257 solum-

196 3285 359 3339 modo
405 3306 524 3341 esse
566 3305 881 3359 persuasum
931 3287 1145 3341 habent.
1187 3319 1272 3354 -ε
1313 3289 1491 3362 Atque
1545 3289 1691 3360 quod
1734 3299 2113 3364 argumentum

197 3372 622 3429 Hamanniorum
666 3392 911 3445 operum,
952 3381 1014 3427 ut
1053 3374 1128 3427 ita
1158 3373 1352 3444 dicam,
1396 3376 1719 3430 obiectivum
1747 3378 1952 3445 attinet,
1996 3376 2111 3449 ple-

198 3456 413 3513 nissima
456 3477 520 3513 ea
562 3478 682 3513 esse
724 3457 943 3532 frugum
987 3459 1332 3515 diversissimi
1363 3463 1581 3537 generis
1625 3463 2113 3531 saluberrimarum,

203 3563 373 3615 eaque
416 3554 766 3618 permagnam
791 3546 859 3601 ad
896 3547 1271 3607 convellendas
1306 3549 1783 3622 et'exstirpandaS,
1825 3569 1965 3624 quae
1987 3557 2116 3606 tunc
