2418 3854
1174 153 1258 211 44

251 329 511 403 temporis
542 329 798 402 vigebant
826 327 1105 400 opiniones
1136 328 1206 382 de
1236 327 1574 400 philosophia
1603 347 1764 384 vanas
1797 332 1899 385 vim
1930 331 2181 386 habuisse

251 417 444 490 negari
472 417 553 473 'ab
599 415 784 487 aequis
827 413 1094 468 iudicibus
1136 434 1243 468 non
1289 415 1505 487 poterit.
1594 415 1804 475 Quodsi
1847 427 2027 472 autem
2069 416 2179 472 dixi

252 504 386 562 vim
425 503 744 557 habuisse
787 519 1228 574 permagnam
1272 501 1409 554 haec
1439 519 1544 554 non
1590 500 1663 554 ita
1711 502 1829 557 volo
1874 504 2076 577 accipi,
2104 514 2181 559 >ut

251 592 568 646 Hamannus
600 585 856 640 credatur
897 588 1048 659 ipse
1092 587 1277 641 nullo
1324 588 1762 642 extrinsecus
1792 591 2179 646 accedente

245 676 508 737 *auxilio
539 690 756 728 errores
787 673 1103 728 convellisse
1134 682 1296 746 atque
1324 674 1667 746 exstirpasse,
1698 674 1799 729 sed
1841 677 2064 745 aliorum
2109 673 2180 732 ad

252 762 484 818 eundem
513 761 602 814 illo
632 769 882 833 tempore
911 762 1074 814 finem
1102 759 1435 813 tendentium
1477 761 1788 815 auctoritati
1829 764 1990 819 suam
2023 763 2178 819 addi-

252 849 395 904 disse
426 856 588 921 atque
617 847 696 901 ita
723 847 1029 900 auxiliarius
1061 846 1279 918 quidam
1310 843 1491 900 fuisse.
1578 846 1644 901 Id
1687 848 1732 901 si
1775 857 2020 905 tenemus
2062 851 2178 906 uni-

250 954 460 990 versam
501 953 640 1007 quae
683 931 845 987 fuerit
874 950 1099 1011 opernm
1130 933 1560 988 Hamanniorum
1602 944 1848 989 naturam
1894 947 2058 1010 atque
2099 938 2178 992 in-

250 1023 430 1076 dolem
459 1021 830 1094 perspicimus,
887 1020 1009 1073 Jam
1040 1019 1091 1072 in
1125 1018 1469 1074 dedicatione
1499 1020 1680 1094 operis
1723 1023 1880 1094 primi
1924 1024 2178 1091 „Sokra-

247 1108 420 1164 tische
448 1106 1048 1178 Denkwiirdigkeiten“
1093 1103 1201 1175 (Π,
1249 1109 1339 1179 5.)
1386 1108 1651 1180 inscripti,
1696 1109 1867 1182 qualis
1911 1108 2010 1164 sibi
2036 1106 2179 1170 cum

248 1196 541 1250 lectoribus
572 1195 932 1248 intercessura
963 1193 1033 1247 sit
1060 1194 1200 1248 ratio
1232 1204 1396 1266 atque
1427 1195 1763 1249 consuetudo
1795 1213 1901 1251 non
1943 1198 2062 1252 sine
2091 1196 2178 1251 ln·

249 1284 441 1338 conica
479 1280 728 1355 quadam
756 1280 1020 1334 brevitate
1064 1282 1312 1352 exponit,
1356 1280 1765 1336 adhortatumm
1809 1281 2017 1338 scilicet
2057 1301 2180 1339 sese

249 1379 511 1437 errantes,
542 1387 746 1441 eosque
775 1367 826 1420 in
859 1366 999 1421 viam
1029 1376 1236 1421 rectam
1266 1367 1620 1422 reducturum
1655 1388 1792 1424 esse.
1864 1370 2048 1432 -Quod
2091 1388 2179 1426 re·

247 1456 594 1531 prehensoris
636 1464 692 1510 et
728 1454 1059 1510 correctoris
1088 1474 1297 1523 munus,
1329 1455 1416 1509 cui
1446 1454 1547 1509 soli
1592 1474 1806 1511 omnem
1850 1475 2074 1531 operam
2119 1477 2180 1513 se

245 1553 565 1601 navaturum
594 1541 857 1597 audacter
883 1542 1211 1615 pronuntiat,
1241 1551 1434 1615 utpote
1470 1541 1702 1598 duorum
1743 1553 1953 1600 tantum
1991 1562 2178 1613 causa,

246 1652 279 1685 a
323 1632 516 1705 quibus
558 1630 685 1685 solis
727 1628 956 1702 intelligi
998 1649 1060 1683 se
1104 1628 1240 1684 velle
1285 1629 1377 1698 ait,
1420 1628 1548 1684 ibid.
1593 1650 1646 1703 p.
1697 1630 1828 1706 11.)
1875 1629 2181 1707 (inscripsit

248 1719 389 1773 enim
418 1719 638 1772 librum:
681 1713 992 1785 „Zuschrift
1020 1735 1086 1770 an
1118 1716 1387 1792 Zween“)
1434 1732 1624 1771 eorum
1667 1719 1847 1774 statim
1892 1727 2175 1795 exspecta-

246 1807 476 1874 tionem,
521 1805 613 1878 qui
663 1804 985 1876 scriptorem
1038 1811 1187 1858 tanta
1240 1803 1699 1877 magniloquentia
1743 1824 1810 1860 ac
1852 1805 2179 1862 sublimitate

246 1894 524 1960 orationis,
550 1900 700 1947 tanta
729 1891 1021 1964 imaginum
1051 1891 1308 1957 novitate,
1336 1900 1555 1964 tamque
1585 1889 1765 1946 faceto
1796 1911 1862 1947 ac
1891 1893 2180 1967 ingenioso

246 1981 434 2053 lepore
456 1998 612 2035 usum
642 1998 677 2051 p
690 1997 717 2031 r
731 1997 761 2031 a
775 1998 806 2031 e
837 1997 870 2031 o
884 1997 933 2031 m
947 1997 980 2031 n
994 1978 1012 2032 i
1025 1978 1058 2031 b
1074 1997 1109 2031 u
1123 1998 1148 2031 s
1172 1978 1510 2032 excelsarum
1534 1978 2016 2053 admirandumque
2040 1997 2176 2053 opus
2270 2006 2274 2009 ·

247 2069 604 2122 exhibiturum
634 2085 757 2120 esse
787 2074 1154 2137 speraverant,
1185 2065 1229 2118 si
1259 2084 1365 2119 non
1396 2066 1600 2119 irritam
1632 2065 1909 2134 redderet,
1934 2075 1996 2122 at
2025 2075 2176 2121 certe

244 2157 512 2211 minueret
550 2171 775 2208 necesse
819 2160 951 2207 erat.
1038 2154 1217 2224 Atque
1262 2152 1313 2205 in
1360 2151 1602 2206 eiusdem
1646 2146 1945 2208 solitudinis
1988 2170 2176 2208 amore

244 2245 405 2316 inque
435 2241 715 2315 proposito
745 2239 930 2293 intima
973 2258 1129 2293 sensa
1175 2238 1653 2313 intelligentiorum
1682 2249 1887 2295 tantum
1915 2240 2175 2314 paucitati

246 2327 529 2384 divinanda
559 2327 752 2400 magis,
783 2346 941 2399 quam
971 2317 1320 2398 intelligenda
1350 2327 1402 2380 in
1433 2326 1669 2381 medium
1697 2382 1701 2384 ,
1712 2325 2028 2400 proferendi
2073 2326 2175 2400 (id

246 2416 393 2490 quod
424 2416 558 2470 mire
587 2417 662 2469 ita
690 2413 981 2486 expressit:
1027 2422 1223 2481 „unter
1250 2415 1481 2487 griinem
1513 2413 1715 2468 herben
1746 2413 1880 2468 Pelz
1909 2411 2021 2469 und
2049 2414 2175 2469 har·
2224 2456 2231 2466 ,

244 2515 331 2559 ter
374 2503 572 2559 Schale
618 2502 721 2556 den
768 2499 1129 2574 eigentlichen
1175 2501 1329 2554 Kern
1374 2519 1441 2554 zu
1486 2502 1861 2574 verstecken.“
1917 2500 2041 2569 VII,
2073 2502 2174 2557 90.

251 2592 426 2664 102.)
472 2608 641 2662 usque
680 2606 1034 2662 perseverare
1080 2586 1515 2641 eum‘videmus:
1560 2586 1705 2655 „Ich
1748 2587 1944 2656 habe‚“
1985 2587 2175 2662 inquit,

244 2676 488 2733 feierlich
518 2676 641 2730 dem
672 2694 903 2749 grossen
930 2672 1150 2728 Haufen
1180 2673 1291 2727 und
1321 2672 1422 2727 der
1449 2675 1653 2748 Menge
1680 2675 1995 2749 resignirt.“
2021 2673 2174 2750 (III,

251 2765 424 2841 126.)
459 2771 514 2818 et
544 2761 622 2836 (I,
655 2751 829 2835 285.)
861 2762 1014 2830 „Fiir
1042 2760 1222 2833 wenig
1249 2760 1543 2814 Menschen
1574 2762 1861 2835 gemacht3
1899 2778 2054 2818 wem
2082 2759 2172 2816 ich

245 2874 340 2924 „es
372 2852 516 2907 doch
543 2849 632 2904 fiir
661 2850 750 2903 d-ie
780 2849 1099 2921 Wenigsten
1130 2848 1299 2902 wiire!
1330 2852 1485 2902 etc.“
1522 2846 1599 2922 (I,
1630 2847 1815 2926 479.)
1852 2847 1989 2919 „Ich
2029 2847 2173 2903 habe

245 2941 424 3011 „mich
467 2936 563 2993 auf
602 2937 698 2991 das
740 2935 1005 3007 Exempel
1059 2934 1155 2988 des
1197 2934 1515 2989 Aristoteles
1569 2936 1850 3011 bezogen‚
1894 2933 1998 2990 der
2048 2934 2171 2989 eine

243 3025 487 3100 „Sc-brist
515 3025 739 3099 ausgab‚
770 3042 874 3077 von
906 3022 1007 3076 der
1035 3040 1097 3076 er
1125 3021 1375 3094 gestand‚
1405 3021 1530 3076 dass
1559 3023 1639 3077 sie
1667 3042 1729 3078 so
1759 3029 1862 3098 gut
1901 3021 1980 3076 als
2023 3019 2173 3077 nicht

243 3115 636 3188 „ausgegeben
666 3113 826 3178 ware,
856 3111 945 3163 bin
976 3109 1089 3163 also
1120 3109 1269 3164 nicht
1297 3108 1398 3163 der
1427 3118 1590 3179 erste‚
1621 3109 1722 3164 der
1750 3109 1847 3165 das
1876 3107 2168 3165 Publikum

280 3204 430 3258 fifftf‘

243 3247 278 3274 θ’
329 3287 529 3344 Paucis
572 3285 673 3338 illis
716 3283 1164 3357 intelligentibuS‚
1200 3282 1292 3356 qui
1334 3299 1441 3338 non
1485 3283 1603 3343 sine
1630 3279 1873 3337 ''maxima
1915 3299 2169 3336 sensuum

245 3375 593 3432 contentione
622 3372 674 3425 in
705 3369 923 3442 adytum
953 3378 1403 3441 penetraverant,
1445 3370 1675 3443 quique,
1717 3384 1826 3440 quo
1869 3368 2165 3423 maioribus

245 3460 648 3520 difficultatibus
677 3455 1027 3531 pugnandum
1057 3455 1186 3528 ipsis
1214 3453 1410 3526 fuerat,
1440 3474 1507 3510 eo
1538 3454 1804 3510 cariorem
1843 3471 1906 3509 se
1947 3453 2164 3510 thesau-

241 3571 362 3607 rum
391 3561 580 3606 nactos
610 3564 730 3601 esse
761 3543 1122 3611 autumabant,
1152 3541 1446 3599 immensae
1481 3538 1762 3598 doctrinae
1805 3550 1862 3598 et
1898 3542 2164 3613 *acuminis
