2418 3854
1098 177 1167 237 31

247 401 250 425 3
296 360 384 413 De
425 364 966 430 argumentoxautem
1009 353 1188 426 operis
1230 354 1272 405 si
1316 354 1955 427 quaerimus,-srecepisse
1980 357 2098 412 Ha-

185 465 433 501 mannum
478 462 830 516 quaecunque
873 450 1030 498 antea
1074 440 1410 493 sermonibus
1464 440 1547 493 vel
1591 460 1691 512 per
1734 442 1986 513 epistolas
2031 446 2098 498 ab

184 535 302 607 ipso
342 540 571 587 tractata
609 539 779 596 erant,
822 527 999 582 denuo
1041 526 1094 579 in
1132 526 1429 580 Memorab.
1472 527 1684 582 Socrat.
1723 526 1882 582 facile
1919 539 2101 601 potest

187 616 464 693 cognosci,
508 617 559 670 in
601 635 706 690 quo
749 615 884 668 libro
916 613 1158 670 Socratis
1200 614 1306 665 vita
1348 621 1403 666 et
1443 612 1717 682 doctrina,
1761 615 1912 688 quasi
1954 617 2100 670 vela-

185 714 367 765 mento
399 723 524 758 usus
555 712 653 771 est,
693 721 800 774 quo
830 699 994 754 fidem
1023 699 1299 772 religionis
1331 698 1669 754 Christianae
1699 709 1932 775 tegeret.
2004 701 2100 777 (V.

184 795 260 850 H.
291 792 348 846 S.
378 792 453 859 II,
500 791 602 843 12:
688 788 787 842 Ich
816 787 962 840 habe
994 785 1136 840 mich
1166 819 1246 827 -—
1277 786 1578 858 bequemen
1618 789 1852 858 miissen,
1891 791 2103 846 -meiner

185 877 442 951 Religion
473 876 577 930 den
610 875 854 929 Schleier
883 893 950 929 zu
980 874 1190 946 borgen
1221 871 1358 948 etc.)
1539 880 1542 882 “

200 1008 207 1018 ,ι
302 966 424 1025 Qua
477 982 544 1017 ex
595 960 901 1034 ignorantia
943 960 1252 1026 Soclatica,
1308 959 1452 1013 omni
1494 967 1648 1031 parte
1692 960 2105 1036 circumspecta,

188 1070 352 1125 quum
394 1068 623 1134 granum
666 1049 948 1102 universae
991 1046 1286 1118 sapientiae
1331 1045 1596 1100 humanae
1638 1055 1919 1118 putrescat
1960 1049 2012 1104 h.
2057 1068 2105 1104 e.

186 1137 492 1212 ignorantia
521 1143 866 1189 consumatur
893 1150 1118 1187 necesse
1147 1134 1232 1196 sit,
1266 1129 1460 1206 (Sokr.
1477 1132 1705 1188 Denkw.
1735 1135 1830 1190 Zw
1835 1135 1971 1189 eiter
1994 1137 2105 1189 Ab·

187 1225 401 1281 schnitt.
451 1223 508 1277 S.
551 1219 683 1297 38.)
722 1222 1012 1292 antequam
1058 1239 1126 1274 ex
1162 1219 1265 1272 hac
1306 1228 1482 1273 morte
1522 1220 1630 1274 vita
1671 1228 1833 1293 atque
1874 1241 1942 1276 ex
1981 1222 2107 1292 hoc,

151 1312 154 1313 ⁷
187 1309 335 1385 quod
363 1309 490 1363 nihil
518 1317 617 1376 est,
660 1306 716 1361 id
747 1306 892 1379 quod
923 1315 1007 1360 est
1033 1305 1085 1361 h.
1117 1326 1164 1361 e.
1202 1306 1606 1379 intelligentiae,
1649 1308 1983 1381 rationisque
2010 1329 2107 1364 na-

186 1407 308 1452 tura
335 1394 584 1469 prodeat,
626 1395 905 1448 transitum
947 1402 1132 1447 censet
1158 1393 1279 1446 fieri
1320 1392 1388 1445 ad
1421 1392 1603 1461 fidem,
1648 1414 1804 1467 quae,
1847 1403 1908 1449 ut
1930 1397 2107 1470 origi-

187 1503 310 1538 nem
341 1502 374 1536 a
402 1483 611 1535 ratione
640 1500 909 1553 nunquam
940 1480 1163 1552 ceperit,
1206 1479 1280 1533 ita
1310 1499 1580 1553 nunquam
1617 1478 1731 1552 ejus
1759 1481 1879 1536 telis
1911 1483 2109 1542 confici

187 1569 387 1644 possit3
432 1588 607 1640 neque
637 1568 810 1640 magis
841 1566 1197 1620 demonstrari
1228 1575 1407 1638 queat,
1454 1566 1545 1639 (S.
1578 1566 1709 1642 36.)
1754 1588 1913 1641 quam
1961 1568 2110 1642 quod

190 1666 246 1711 et
275 1675 395 1717 esse
424 1675 540 1721 noS,
585 1663 641 1707 et
668 1654 895 1726 plurima
937 1673 1056 1725 esse
1097 1660 1248 1706 extra
1289 1671 1386 1705 nos
1427 1652 1684 1721 dicamUS,
1724 1664 1917 1726 utpote
1960 1652 2109 1729 quod

189 1744 389 1798 sentire
430 1739 674 1814 quidem,
730 1739 1052 1794 convincere
1094 1747 1273 1792 autem
1322 1758 1427 1791 non
1468 1739 1750 1811 possimus,
1810 1737 1914 1815 (S.
1960 1741 2108 1818 35.)

192 1831 378 1892 Quare
407 1830 663 1882 Socrates
694 1846 760 1880 ex
791 1825 1166 1899 Sophistarum
1198 1824 1530 1879 eruditorum
1562 1828 1838 1881 erroribus
1869 1826 1940 1881 ad
1971 1830 2111 1883 veri-

187 1904 355 1972 tatem
393 1912 727 1969 reconditam
767 1933 834 1967 ac
872 1923 1139 1991 secretam
1179 1912 1494 1985 sapientiam
1537 1912 1606 1966 ad
1635 1905 1743 1968 De'i
1771 1915 1948 1988 ignoti
1986 1916 2112 1970 reli-

190 2004 411 2078 gionem
440 2001 664 2069 veniret,
709 1998 1115 2071 deduceretque
1143 1998 1386 2052 homines
1420 1997 1507 2074 (S.
1541 1998 1674 2075 42.)
1718 2021 1944 2055 necesse
1975 2011 2112 2059 erat.

305 2088 453 2144 Huic
482 2086 592 2140 fide
621 2095 810 2159 partae
850 2086 1146 2158 sapientiae
1184 2083 1383 2139 frustra
1422 2095 1694 2160 repugnat
1722 2088 1971 2143 Humeus
2011 2089 2110 2144 du—

190 2175 535 2229 bitationibus
577 2183 643 2233 et.
672 2173 984 2227 rationibus,
1086 2171 1297 2234 Quodsi
1337 2173 1389 2226 in
1429 2184 1742 2228 transcursu
1782 2175 2114 2231 monendum

189 2262 345 2316 nobis
386 2270 494 2330 est,
537 2269 747 2314 mature
784 2261 1127 2313 Hamannum
1169 2259 1401 2313 animum
1441 2268 1602 2332 atque
1632 2263 1985 2317 attentionem
2016 2263 2112 2317 ad-

189 2349 416 2402 vertisse
428 2346 482 2423 *)
518 2345 642 2421 (VI,
679 2348 817 2414 154,
854 2343 1198 2422 158,187.)
1232 2355 1287 2400 et
1317 2355 1570 2419 quantum
1601 2348 1813 2421 scriptis
1843 2349 1952 2404 suis
1983 2370 2111 2405 acu-

191 2453 313 2488 men
345 2434 552 2519 prode1
551 2443 621 2501 et
667 2431 985 2501 ostendisse,
1030 2433 1082 2486 id
1117 2432 1262 2507 quod
1294 2453 1387 2487 cei
1390 2441 1444 2487 te
1475 2433 1542 2487 ad
1576 2453 1688 2502 eoS,
1721 2436 1811 2509 qui
1841 2435 2114 2510 conjuncti

193 2541 315 2576 cum
354 2521 472 2593 ipso
515 2529 694 2586 er,ant
739 2518 808 2585 ad
847 2520 1104 2574 Kantium
1145 2520 1382 2592 inprimis
1424 2521 1530 2574 vim
1570 2520 1756 2576 habuit
1798 2519 1926 2597 (VI,
1972 2526 2114 2580 244.

160 2622 165 2625 ’
190 2609 507 2662 Hamannus
535 2606 821 2660 Her·:de10
866 2607 942 2660 So
975 2607 1077 2660 viel
1107 2607 1176 2660 ist
1205 2607 1417 2679 gewiSS,
1449 2606 1572 2660 dass
1604 2607 1746 2662 ohne
1773 2609 1960 2665 Hume
1989 2609 2116 2666 kein

191 2695 341 2748 Kant
369 2692 664 2766 geworden
693 2694 852 2748 ware.
939 2693 1194 2747 Michelet
1221 2693 1265 2762 I,
1298 2695 1396 2748 42.
1483 2694 1634 2758 Kant
1671 2695 1943 2770 gesteht
1927 2716 1981 2751 1n
2010 2698 2117 2752 sei-

191 2801 298 2835 nen
325 2779 762 2852 Prolegomenen
793 2779 974 2849 selbst,
1006 2779 1130 2833 dass
1162 2779 1262 2833 der
1290 2799 1486 2854 grosse
1513 2781 1651 2835 Plan
1681 2802 1779 2836 zur
1799 2783 1985 2838 Kritik
2016 2783 2117 2838 der

190 2869 378 2939 reinen
405 2863 685 2934 Vernunft,
730 2865 897 2920 deren
930 2867 1328 2940 Ausarbeitung
1366 2860 1456 2921 ihn
1496 2867 1634 2923 viele
1661 2869 1829 2924 Jahre
1866 2867 2116 2938 beschiif-

190 2955 349 3033 tigte,
379 2961 491 3006 erst
521 2951 692 3006 durch
725 2953 880 3005 einen
908 2950 1155 3006 fremden
1182 2953 1384 3026 Impuls
1416 2973 1513 3008 zur
1540 2954 1702 3009 Reise
1742 2957 1884 3011 kam.
1970 2956 2117 3026 „Die

191 3041 540 3114 Erinnerung
569 3037 666 3091 des
695 3037 875 3094 David
899 3040 1084 3093 Hume
1112 3059 1224 3095 war
1253 3041 1390 3094 eben
1422 3039 1722 3114 dasjenige,
1752 3061 1859 3098 was
1888 3043 1993 3097 mir
2021 3063 2115 3098 zu-

163 3131 165 3133 ’
195 3134 306 3181 erst
334 3126 439 3180 den
471 3124 883 3199 dogmatischen
908 3125 1247 3180 Schlummer
1273 3126 1602 3180 unterbrach
1629 3126 1741 3181 und
1763 3128 1977 3187 meinen
1999 3130 2116 3185 Un-

194 3213 596 3286 tersuchungen
628 3211 701 3265 im
722 3210 895 3265 Felde
927 3205 1027 3266 der
1054 3211 1418 3284 speculativen
1439 3212 1791 3286 Philosophie
1822 3216 1943 3272 eine
1972 3237 2114 3291 ganz

197 3297 397 3352 andere
425 3299 707 3371 Richtung
746 3295 906 3374 gab.)
951 3306 1120 3352 restat
1155 3306 1232 3368 ut,
1278 3298 1407 3372 quid
1435 3301 1731 3373 praemissa
1770 3302 1874 3358 hac
1905 3303 1975 3359 de
2004 3303 2114 3357 fide

196 3385 490 3454 sententia,
556 3384 625 3439 de
673 3383 1038 3459 philosophia
1051 3382 1406 3459 judicandum
1454 3389 1753 3462 putaverit,
1819 3389 2112 3446 videamus

315 3582 359 3630 *J
388 3581 439 3621 In
469 3581 650 3632 epistola
675 3582 886 3627 Hamanni
915 3585 970 3626 ad
997 3584 1198 3632 Kantium
1229 3585 1389 3636 scripta
1416 3596 1459 3627 v.
1483 3586 1525 3639 Ι,
1555 3581 1770 3628 442—43.
