2418 3854
1137 176 1219 235 27

219 355 305 411 fiir
347 354 436 408 die
475 353 760 410 Nachwelt
800 351 1096 429 werden.)
1159 351 1305 405 Nihil
1345 351 1488 405 aliud
1529 359 1647 405 erat
1687 351 1800 404 sine
1839 351 2003 406 dubio
2045 353 2143 406 nisi

219 443 440 516 physica
470 440 737 513 quaedam
767 441 948 513 pueris
979 437 1263 506 destinata,
1309 437 1379 492 de
1410 458 1515 511 qua
1546 437 1905 492 describenda
1948 448 2002 493 et
2031 440 2140 512 pri—

219 530 319 584 mis
350 527 598 582 limitibus
639 524 1130 582 circumscribenda
1157 526 1473 580 Hamannus
1514 525 1775 579 excitatus
1801 524 1990 579 Kantii
2029 546 2142 580 ser—

219 615 467 670 monibus
522 634 676 668 suum
718 633 839 668 esse
881 613 1171 667 arbitratur
1226 611 1464 684 epistolis
1507 612 1777 684 quaedam
1815 612 2038 667 tradere
2090 621 2144 666 et

221 721 376 756 suum
413 700 661 773 proferre
700 700 958 754 iudicium
1001 695 1108 773 (II,
1139 699 1262 753 446
1294 695 1445 773 sqq.)
1490 697 1636 770 quod
1666 718 1698 751 a
1726 698 1913 753 Kantii
1941 698 2142 752 iudicio

220 789 387 861 longe
417 787 727 842 recedebat.
811 787 899 841 Ex
929 782 1166 859 epistolis
1197 784 1406 839 duabus
1433 785 1707 838 Hamanni
1747 786 1875 840 satis
1913 785 2020 839 hoc
2050 804 2145 857 ap-

220 882 396 948 paret,
439 874 492 927 in
533 874 723 947 quibus
761 873 993 946 primum
1036 872 1106 926 de
1133 869 1326 941 forma,
1371 890 1509 944 quae
1538 869 1846 943 hujusmodi
1884 871 2036 926 libro·
2051 871 2147 925 tri-
2222 878 2226 881 '

221 954 552 1028 buenda'sit,
597 959 795 1014 deinde
825 959 896 1013 de
927 979 987 1014 re
1016 960 1151 1032 ipsa,
1195 978 1333 1032 quae
1363 959 1433 1012 sit
1459 957 1743 1012 tractanda
1772 958 1827 1011 in
1856 958 1999 1013 hunc
2029 977 2145 1012 mo-

223 1047 353 1102 dum
395 1047 560 1100 verba
599 1044 759 1100 fecit:
805 1065 913 1100 non
955 1047 1187 1118 arreptis
1217 1045 1444 1099 aliorum
1474 1045 1634 1098 variis
1662 1045 1850 1117 pennis
1882 1064 2147 1099 exornan-

225 1134 367 1202 dam,
397 1132 494 1186 sed
524 1142 718 1206 sponte
749 1133 945 1187 omissa
973 1133 1165 1187 aetatis
1196 1141 1251 1186 et
1279 1132 1576 1204 sapientiae
1598 1133 1948 1204 praestantia,
1979 1131 2153 1186 omni-

224 1239 332 1295 que
361 1219 574 1274 abiecta
603 1220 894 1274 ambit-ione
923 1220 1130 1273 initium
1158 1219 1279 1272 libri
1309 1239 1428 1272 esse
1457 1216 1781 1287 faciendum,
1824 1238 2150 1292 semperque

223 1306 486 1379 optimum
526 1325 647 1360 esse
691 1315 747 1360 et
784 1304 933 1374 fore,
979 1306 1047 1376 ei,
1091 1305 1239 1379 quod
1277 1306 1460 1359 Moses
1500 1306 1746 1378 posuerit
1782 1303 2151 1372 fundamentO,

223 1392 574 1448 inaedificare
603 1389 720 1447 rem
752 1386 862 1466 (II,
891 1394 1033 1461 448,
1066 1391 1198 1467 49.)
1230 1412 1407 1465 neque
1437 1391 1634 1465 pudori
1665 1412 1785 1447 esse
1825 1391 2048 1462 debere,
2090 1399 2153 1446 ut

225 1480 373 1548 dicit,
416 1479 601 1553 ligneo
631 1479 890 1533 historiae
919 1480 1191 1533 mosaicae
1220 1499 1362 1552 equo
1400 1478 1538 1534 vehi.

339 1567 674 1621 Sententiam
713 1565 854 1620 hanc
894 1566 949 1619 in
989 1566 1295 1639 posteriore
1338 1565 1567 1638 epistola
1594 1565 1785 1620 iisdem
1825 1562 1943 1620 fere
1973 1565 2151 1620 verbis

226 1653 441 1726 repetit,
473 1650 551 1726 (Ι,
575 1651 749 1729 510.)
783 1671 1012 1724 eamque
1042 1652 1267 1724 amplius
1297 1660 1352 1706 et
1381 1653 1686 1707 accuratius
1715 1660 2001 1706 tractatam
2025 1670 2153 1725 pro-

225 1739 407 1813 posuit
433 1739 488 1792 in
517 1738 697 1802 libello
727 1738 864 1793 duas
896 1737 972 1792 ad·
993 1739 1252 1792 Kantium
1281 1738 1510 1811 scriptas
1539 1739 1849 1794 continente
1879 1739 2154 1812 epistolaS‚

227 1827 318 1900 qui
347 1825 680 1882 inscribitur:
723 1825 1131 1899 Prolegomena
1172 1826 1306 1879 iiber
1336 1825 1424 1880 die
1452 1835 1678 1880 neueste
1703 1825 2027 1900 Auslegung
2057 1825 2157 1879 der
2229 1825 2240 1842 ¹

171 1905 175 1915 ¹
222 1913 454 1975 ffltesten
493 1911 759 1966 Urkunde
813 1911 910 1966 des
959 1911 1361 1966 menschlichen
1414 1906 1772 1967 Geschlechts
1823 1908 1970 1986 (IV,
2015 1911 2156 1982 186,

234 1998 406 2075 195.)
454 2039 456 2041 >
497 1998 611 2053 Sed
653 1998 824 2052 omnis
867 1999 981 2052 eius
1024 1999 1365 2071 eloquentiae
1404 2000 1484 2053 vis
1527 2008 1582 2054 et
1618 1999 2011 2071 interpretandi
2049 2017 2157 2067 arS,

231 2105 337 2159 qua
377 2104 610 2154 „casam
650 2085 996 2139 stramineam
1036 2085 1088 2138 in
1128 2085 1609 2157 splendidissimam
1638 2086 1886 2141 Deorum
1924 2086 2160 2141 sedem⁴⁶

230 2172 470 2240 mutavit,
514 2172 566 2225 in
599 2190 666 2225 eo
698 2171 983 2240 collocata,
1011 2180 1071 2225 ut
1101 2172 1508 2226 commendaret
1538 2173 1818 2227 consilium
1847 2182 2009 2247 atque
2039 2171 2157 2226 fun-

163 2281 184 2316 <
232 2259 541 2313 damentum
596 2257 847 2331 physices
889 2258 1248 2312 exstruendae
1298 2278 1329 2312 a
1370 2279 1429 2313 se
1473 2261 1811 2332 propositum
1850 2261 2002 2315 irrita
2041 2258 2157 2329 fuit,

232 2361 354 2399 nam
409 2365 441 2397 a
477 2345 712 2413 Kantio,
770 2352 826 2398 ut
877 2364 944 2398 ex
990 2345 1263 2400 Hamanni
1305 2346 1542 2418 epistolis
1593 2347 1893 2419 colligitur,
1948 2347 2157 2401 silentio

235 2431 450 2484 omnino
479 2431 587 2485 hoc
618 2430 898 2485 consilium
929 2431 1189 2485 reiectum
1222 2441 1320 2486 est.
1380 2433 1519 2505 Spes
1551 2442 1817 2506 concepta
1846 2435 1898 2487 in
1929 2453 2158 2488 concor-

235 2518 378 2571 diam
419 2519 799 2590 sempiternam
840 2537 963 2572 cum
1001 2518 1204 2572 Kantio
1246 2518 1539 2587 redeundi,
1585 2519 1654 2573 de
1698 2539 1803 2593 qua
1841 2522 2160 2574 Hamannus

233 2606 309 2667 ita
349 2604 656 2677 scripserat,
699 2624 807 2658 non
845 2602 965 2658 fore
1002 2625 1123 2667 ⁴eam
1165 2605 1217 2658 in
1258 2605 1413 2674 ideis,
1458 2626 1635 2679 neque
1674 2607 1726 2660 in
1757 2606 1856 2662 illis
1896 2589 2178 2681 quaeren-‘

241 2691 365 2744 dam
397 2699 454 2744 et
483 2690 906 2745 conservandam
937 2711 1074 2760 esse,
1105 2692 1204 2746 sed
1232 2692 1286 2745 in
1318 2713 1383 2746 ea
1413 2694 1480 2762 vi,
1527 2713 1703 2766 eoque
1735 2695 1931 2763 anim0,
1962 2696 2049 2749 cui
2077 2693 2162 2747 vel

235 2777 393 2833 ideae
434 2777 677 2832 subiecta
717 2779 836 2845 sint,
880 2778 1044 2832 veluti
1081 2779 1345 2852 imagines
1377 2780 1655 2836 oculorum
1699 2780 1893 2848 dextri,
1939 2780 2161 2835 sinistri-

238 2884 343 2938 que
375 2883 481 2917 uno
514 2864 656 2917 visus
686 2883 853 2918 nervo
885 2864 1211 2933 coalescant,
1254 2867 1309 2920 in
1339 2878 1663 2939 perpetuum
1694 2876 1812 2921 erat
1839 2866 1988 2921 falsa.

345 2951 543 3023 Neque
580 2942 773 3004 mirum
813 2959 996 3023 potest
1031 2951 1232 3019 videri,
1276 2953 1431 3025 >quod
1467 2955 1698 3008 Kantius
1750 2973 1857 3007 non
1911 2972 2158 3007 assensus

236 3046 335 3106 est,
378 3057 503 3090 nam
544 3055 739 3109 reapse
779 3037 1121 3111 intelligitur,
1167 3057 1317 3107 eum,
1364 3041 1455 3112 qui
1484 3041 1748 3094 rationem
1788 3041 2158 3094 tantummodo

235 3131 509 3198 sequatur,
555 3123 789 3177 animum
829 3142 936 3177 non
979 3125 1220 3196 potuisse
1259 3125 1547 3179 advertere
1588 3125 1655 3179 ad
1690 3146 1830 3195 eum,
1875 3127 1965 3200 qui
1998 3129 2160 3180 verba

236 3210 495 3265 librorum
526 3229 807 3264 sacrorum
834 3218 1090 3283 tanquam
1120 3207 1369 3267 divinitus
1400 3211 1652 3267 mandata
1670 3222 1945 3286 sequatur,
1975 3233 2158 3286 quam-

240 3295 316 3350 vis
346 3298 389 3349 is
418 3297 879 3371 ingeniosissimus
909 3298 994 3364 sit,
1023 3296 1120 3350 sed
1152 3317 1314 3370 quum
1337 3299 1614 3372 utriusque
1634 3300 1720 3353 via
1741 3300 1907 3374 longe
1929 3301 2160 3355 distenta

237 3377 416 3449 fuerit,
459 3384 750 3456 repudiare
781 3403 903 3437 eum
935 3391 1184 3437 coactum
1213 3382 1330 3440 fere
1359 3383 1542 3442 fuisse.

350 3468 526 3522 Iustas
563 3471 860 3526 amicorum
901 3468 1335 3540 adhortationeS,
1369 3474 1470 3546 ⁴qui
1511 3472 1846 3540 socordiam,
1902 3491 2063 3544 quam
2104 3473 2158 3526 in

241 3554 606 3627 comparando
637 3576 876 3627 munere,
923 3558 1345 3632 quaerendoque
1379 3560 1518 3615 victu
1551 3560 1827 3631 praebeat,
1873 3559 2158 3613 vehemen—
