2418 3854
1101 196 1183 256 59

183 373 347 448 phum
399 369 469 426 de
512 374 614 428 ista
667 373 1004 448 philosophia
1052 372 1190 443 haec
1242 380 1548 426 narrantem
1589 369 1818 424 inducitz
1893 367 2109 445 (Oper.

186 461 260 530 II,
296 459 467 535 179.)

352 546 494 612 Eine
523 543 803 614 Vernunft,
848 544 937 599 die
967 543 1081 599 sich
1121 541 1209 598 fiir
1239 543 1358 597 eine
1390 543 1636 598 Tochter
1665 542 1765 597 der
1793 543 1961 597 Sinne
1998 543 2108 597 und

269 633 498 687 Materie
536 634 790 701 bekennt,
834 631 970 701 seht,
1017 630 1113 685 das
1153 631 1223 684 ist
1263 649 1460 683 unsere
1500 631 1784 703 Religion;
1829 630 1950 684 eine
1976 629 2106 683 Phi-

268 718 531 791 losophie,
575 718 778 774 welche
817 717 923 772 den
965 716 1259 773 Menschen
1298 716 1451 770 ihren
1479 715 1656 771 Beruf
1691 713 1784 771 auf
1808 717 2008 772 Vieren
2043 735 2111 770 zu

271 804 451 879 gehen
496 806 829 874 offenbaret,
883 804 1042 859 niihrt
1092 821 1288 859 unsere
1332 803 1685 869 Grossmuth3
1749 804 1870 857 eine
1910 804 2110 858 Antor-

269 891 443 960 sucht,
488 891 577 946 die
619 911 721 946 von
763 891 865 945 der
892 889 1060 945 Hand
1101 890 1199 945 des
1230 887 1656 944 Scharfrichters
1698 889 1804 944 den
1833 889 2111 944 Lorbeer-

271 979 447 1051 zweig
485 977 582 1032 des
622 977 831 1032 Ruhms
874 978 1084 1050 erringt
1106 976 1193 1052 *),
1249 975 1432 1031 macht
1471 976 1560 1030 die
1601 976 1848 1050 Salbung
1885 995 2114 1031 unserer

269 1065 508 1119 schonen
542 1065 787 1131 Geister;
826 1063 936 1117 und
966 1065 1051 1118 ein
1083 1062 1347 1135 'Priumph
1379 1063 1723 1118 heidnischer
1753 1063 2112 1119 Gottesliiste-

270 1170 481 1224 rungen
512 1151 582 1206 ist
611 1150 711 1204 der
742 1148 926 1223 Gipfel
956 1169 1143 1204 unsers
1174 1149 1410 1204 Genie's.

183 1235 590 1311 Philosophiam
618 1237 762 1291 illam
790 1236 1284 1311 Francogallicam,
1315 1255 1454 1309 quae
1483 1237 1747 1312 positivae
1779 1236 1999 1291 cuilibet
2026 1255 2113 1291 re-

186 1323 376 1396 ligioni
405 1344 465 1378 se
497 1322 824 1397 opponebat,
869 1343 991 1378 cum
1020 1322 1269 1378 rationali
1297 1323 1666 1396 metaphysica
1697 1321 2115 1397 conjunxissent,

186 1428 296 1464 non
335 1411 514 1484 potuit
540 1412 874 1479 HamannuS,
920 1410 1044 1484 quin
1087 1428 1188 1483 pro
1231 1410 1367 1463 virili
1396 1418 1682 1484 respueret
1719 1411 1773 1464 in
1804 1429 2033 1484 eamque
2060 1410 2115 1464 in

187 1516 443 1566 censura,
489 1517 650 1570 quam
694 1497 764 1552 de
794 1497 932 1551 libro
975 1496 1262 1552 Robv‘netiz‘
1295 1496 1416 1565 „de
1454 1497 1505 1551 la
1543 1497 1757 1552 Nature
1772 1501 1808 1529 ‘⁶
1855 1497 2116 1571 inscripto

184 1583 260 1640 H.
306 1584 476 1657 Oper.
517 1593 555 1639 t.
596 1584 713 1654 111,
756 1585 1068 1638 241—45.
1113 1583 1256 1656 egit,
1305 1579 1439 1659 (Cf.
1481 1583 1700 1638 Goethe
1742 1584 1776 1639 l.
1817 1583 1852 1639 l.
1891 1582 2120 1639 Herder

184 1668 372 1725 theilte
411 1669 581 1738 Anes,
625 1690 733 1725 was
773 1689 879 1724 von
911 1667 1097 1741 jenem
1134 1668 1574 1743 merkwiirdigen
1619 1672 1810 1724 Geiste
1850 1690 1955 1725 nur
1993 1690 2117 1726 aus-

185 1758 340 1831 ging,
384 1757 630 1830 sogleich
659 1757 770 1812 mit.
856 1756 1137 1810 Darunter
1165 1755 1436 1829 gehorten
1467 1756 1608 1811 denn
1641 1756 1779 1811 auch
1821 1758 1971 1812 seine
2001 1758 2116 1812 Re-

185 1843 477 1899 zensionen
506 1843 616 1898 und
645 1843 923 1916 Anzeigen
968 1842 1295 1916 eingeriickt
1332 1843 1386 1896 in
1417 1842 1507 1897 die
1535 1843 1961 1919 Konigsberger
1988 1845 2116 1899 Zei-

183 1929 371 2007 tung.)
411 1928 643 1984 feliciter
682 1938 738 1984 et
778 1927 959 2003 lepide
987 1928 1360 1996 inveheretur3
1401 1930 1455 1983 in
1486 1948 1592 2003 qua
1634 1931 1796 1985 etiam
1824 1950 2119 2004 perversae

185 2017 336 2071 istius
366 2015 780 2090 philosophandi
807 2016 1030 2070 rationis
1060 2012 1267 2069 fontem
1299 2014 1521 2071 detexit.
1608 2018 1876 2072 Nimirum
1916 2023 1974 2073 2'72
2013 2020 2118 2073 ale·-

185 2123 294 2176 qna
323 2123 384 2157 re
415 2099 680 2177 (quelque
710 2101 910 2178 chose)
954 2121 1112 2175 quae,
1157 2103 1398 2175 quamvis
1437 2103 1555 2176 ipsa
1585 2123 1693 2158 non
1732 2102 1877 2160 facta
1907 2106 1991 2175 sit,
2035 2114 2117 2160 ta·-

186 2210 310 2245 men
340 2189 539 2263 aliquid
570 2188 781 2257 fecerit,
825 2208 1086 2243 summam
1115 2208 1291 2242 novae
1321 2189 1472 2244 istius
1500 2189 1815 2264 theologiae
1857 2200 1912 2246 et
1939 2193 2118 2247 notio-

187 2297 312 2334 nem
343 2278 605 2331 creatoris
635 2277 864 2349 positam
897 2295 1033 2330 esse.
1088 2275 1138 2330 E
1169 2275 1379 2330 sublimi
1409 2275 1549 2331 hanc
1579 2279 1814 2353 alicujus
1843 2284 2005 2333 istius
2034 2282 2125 2334 rei

190 2363 504 2418 definitione
560 2364 760 2417 exoriri
815 2361 1286 2436 profundissimam
1342 2362 1744 2433 adorationem,
1801 2385 1901 2440 per
1956 2386 2119 2441 quam

190 2449 368 2504 omnia
395 2455 772 2523 fnssvacpvmxcfig
810 2469 1028 2523 pessum
1070 2448 1190 2502 dari
1227 2448 1404 2504 liceat.
1492 2451 1635 2505 Nam
1665 2450 1792 2506 dum
1824 2453 2119 2527 anthropo-

189 2536 576 2609 morphismum
615 2544 1030 2610 oppugnaturos
1069 2555 1192 2589 sese
1233 2536 1498 2606 simulent,
1544 2537 1813 2612 deumque
1855 2541 2119 2595 incertam

191 2623 422 2696 aliquam
466 2634 520 2678 et
548 2622 1025 2677 transmundanam
1065 2641 1180 2676 rem
1212 2642 1276 2676 ac
1306 2643 1532 2677 vacuam
1577 2645 1696 2679 esse
1728 2625 2118 2696 demonstrent,

136 2714 147 2717 ”
189 2709 612 2782 metaphysicam
663 2709 733 2764 ad
774 2710 1062 2763 maximam
1102 2718 1508 2783 extremamque
1557 2712 1869 2767 inanitatem
1920 2714 2120 2788 redigi.

191 2797 559 2858 Quamobrem
600 2816 762 2870 quum
806 2796 939 2851 deus
980 2795 1207 2869 intelligi
1255 2806 1516 2870 nequeat,
1559 2799 1883 2869 Robinetio,
1926 2802 2120 2873 iisque,

191 2883 283 2956 qui
314 2903 436 2937 eum
465 2888 776 2956 sequantur,
821 2881 950 2937 nihil
990 2882 1235 2962 relinqui,
1279 2885 1379 2938 nisi
1417 2884 1559 2938 illam
1601 2886 1960 2959 emphaticam
1990 2905 2120 2940 ean-

193 2970 425 3043 demque
455 2970 795 3047 innocentem
825 2970 1101 3023 notionem
1131 2969 1439 3041 primariam
1469 2973 1521 3026 in
1558 2992 1663 3046 qua
1692 2981 1863 3026 totam
1905 2972 2121 3027 deitatis

191 3057 313 3125 vim,
358 3057 515 3110 sicuti
542 3057 595 3110 in
625 3075 764 3110 nuce
795 3075 965 3123 cassa,
1009 3054 1268 3108 inclusam
1305 3059 1479 3112 teneri
1517 3058 1606 3112 ille
1637 3067 1950 3114 constanter
1990 3079 2120 3114 con-

191 3140 364 3197 fessus
404 3144 486 3198 sit.
576 3143 892 3197 Theismum
930 3141 1073 3195 hunc
1118 3141 1442 3196 christianae
1483 3143 1762 3199 doctrinae
1802 3146 2121 3200 incredibile

195 3239 447 3301 quantum
477 3248 788 3303 repugnare
818 3229 977 3302 eique
1007 3227 1214 3281 maiore
1245 3248 1365 3283 cum
1389 3227 1516 3302 jure
1546 3250 1612 3286 ac
1636 3232 1804 3287 seculi
1827 3234 1979 3289 istius
2004 3233 2119 3307 phi-

309 3453 354 3500 ³“)
384 3453 610 3494 Voltaire’s
642 3457 866 3510 englische
895 3455 1040 3496 Briese
1072 3465 1159 3493 von
1190 3457 1388 3497 Henkers
1420 3460 1545 3500 Hand
1574 3463 1820 3500 verbrannt.
1851 3482 1908 3488 -—

310 3526 375 3563 La
404 3524 596 3564 Mettries
626 3528 846 3568 L’homme
875 3531 1093 3586 machine,
1126 3531 1168 3572 in
1199 3531 1379 3578 Leyden
1411 3534 1666 3587 verbrannt,
1709 3533 1777 3573 ein
1808 3533 1990 3573 anderes
2021 3543 2123 3574 vor-

199 3600 274 3638 her
306 3597 380 3637 auf
407 3597 556 3638 Befehl
589 3599 664 3638 des
696 3601 975 3644 Parlaments.
