2418 3854
1056 188 1134 247 41

145 388 269 425 nem
298 367 438 421 illam
469 384 500 419 a
528 365 726 421 Wolfio
757 364 1060 418 inchoatam
1089 363 1293 417 irritam
1324 362 1557 417 reddere
1586 362 1864 429 volebant,
1895 380 2058 434 quum

147 456 302 510 huius
331 451 632 527 philosophi
674 447 918 524 discipuli
959 458 1014 504 et
1053 449 1291 503 asseclae
1321 450 1373 502 in
1415 450 1501 502 via
1542 469 1574 502 a
1612 435 1875 522 magistro
1906 444 2057 501 mon-

147 550 316 596 strata
342 547 633 612 pergentes
665 556 799 610 opus
828 537 1170 610 perficerent.
1218 532 1615 609 (v.Eberstein,
1644 534 1887 590 Versuch
1911 535 2060 588 einer

152 625 478 681 Geschichte
508 624 607 677 der
634 623 818 697 Logik
845 622 956 676 und
977 622 1316 694 Metaphysik
1343 623 1400 690 I,
1436 624 1573 690 154,
1602 623 1718 675 157
1744 620 1835 697 ff.)
1881 621 2060 682 Quum

148 731 279 768 vero
311 730 406 779 eo,
451 729 555 783 quo
597 710 911 764 Hamannus
952 708 1229 762 exstiterat
1265 716 1513 780 tempore
1551 700 1882 780 philosophi,
1927 724 2061 780 quos

149 795 976 863 aiunt*Leibnitzio-WolfianOS,
1019 795 1233 868 longius
1270 793 1686 868 progredientes
1722 793 2064 866 theologicas

151 884 454 956 disciplinas
481 891 734 955 tanquam
763 881 833 935 ad
862 902 922 936 se
943 881 1277 954 pertinentes
1307 882 1406 934 sibi
1448 879 1782 934 vindicarent
1809 881 1862 934 in
1892 880 2066 952 iisque

148 970 442 1027 tractandis
471 969 689 1022 nimium
718 969 857 1022 iusto
888 969 987 1022 sibi
1017 968 1416 1040 permitterent,
1460 968 1535 1021 ita
1563 975 1624 1020 ut
1654 985 1741 1021 res
1771 965 1983 1020 divinae
2012 965 2066 1018 in

150 1057 438 1112 ludibrium
479 1053 596 1108 fere
641 1055 875 1123 abirent,
927 1055 1131 1127 primus
1173 1053 1262 1108 ille
1313 1052 1747 1126 indignabundus
1791 1072 1911 1107 sese
1953 1052 2069 1106 istis

152 1145 325 1212 omni,
368 1161 506 1215 quae
535 1142 586 1194 in
617 1141 733 1213 ipso
765 1150 899 1208 erat,
927 1140 978 1193 vi
1009 1141 1276 1214 opposuit.
1340 1140 1552 1209 Wolfii,
1595 1140 1791 1213 inquit,
1830 1139 2070 1212 philoso-

149 1230 332 1305 phiam
358 1237 420 1282 ut
446 1229 500 1281 in
527 1226 853 1301 theologicis
881 1228 1118 1282 materiis
1160 1226 1514 1281 diiudicandis
1530 1267 1545 1295 ,
1588 1227 1663 1280 ita
1690 1227 1742 1279 in
1786 1223 2072 1280 tractanda

155 1316 329 1371 ethica
361 1314 664 1368 Christiana
707 1311 949 1367 adhiberi
991 1313 1366 1387 periculosum·
1394 1314 1494 1367 sibi
1537 1311 1736 1379 videri;
1779 1313 2071 1381 minimum,

151 1421 253 1477 per
280 1422 339 1457 se
366 1410 546 1456 tamen
575 1400 790 1454 maximi
816 1398 1120 1455 faciendum
1151 1400 1557 1468 detrimentum,
1587 1398 1734 1473 quod
1764 1418 1830 1453 ex
1859 1398 1962 1453 hac
1992 1399 2072 1453 in-

155 1498 282 1563 epta
309 1489 587 1560 utriusque
617 1486 929 1559 disciplinae
969 1488 1344 1542 coniunctione
1375 1487 1608 1554 oriatur,
1652 1487 1706 1539 in
1738 1505 1805 1539 eo
1836 1486 1986 1540 cerni
2014 1492 2075 1539 ut

153 1576 380 1632 liberum
422 1575 615 1647 cuique
644 1574 920 1628 arbitrium
966 1593 1282 1628 concessum
1322 1592 1447 1627 mox
1487 1574 1538 1626 in
1582 1572 1853 1627 licentiam
1896 1573 2075 1639 abeat,

153 1662 476 1734 veritasque,
520 1678 679 1732 quam
709 1660 1075 1732 evangelistae
1106 1660 1354 1714 divinitus
1395 1660 1638 1731 inspirati
1679 1677 1800 1711 cum
1841 1659 2074 1712 humano

156 1766 363 1823 genere
393 1746 925 1814 communicaverint,
969 1747 1020 1800 in
1061 1744 1316 1800 formulas
1352 1746 1536 1800 inanes
1568 1764 1632 1798 ac
1662 1744 1871 1798 steriles
1899 1745 2076 1799 notio·

155 1854 282 1890 num
311 1833 663 1887 dissectiones
705 1831 1047 1905 depravetur.
1121 1833 1224 1888 Cui
1262 1833 1526 1887 sentiendi
1565 1832 1762 1885 rationi
1802 1829 2077 1885 addictum

156 1924 500 1978 Hamannum
527 1918 939 1992 philosophandi
966 1919 1252 1988 method0,
1299 1939 1464 1993 quae,
1508 1937 1615 1992 quo
1645 1906 1819 1991 magis
1850 1918 2079 1972 arbitra·

159 2009 240 2062 ria
270 2014 369 2074 est,
414 2025 480 2059 eo
512 2005 722 2059 acutior
749 2006 911 2079 inque
943 2027 1001 2060 se
1033 2007 1411 2060 cohaerentior
1440 2025 1562 2059 esse
1590 2004 1853 2073 videatur,
1886 2005 2079 2058 enixis-

161 2084 294 2149 sime
325 2091 664 2146 adversatum
695 2111 815 2145 esse
844 2094 1036 2146 mirum
1065 2093 1236 2146 videri
1265 2112 1371 2146 non
1414 2092 1602 2155 debet,
1647 2091 1882 2164 indeque
1922 2089 2081 2145 facile

160 2179 500 2252 intelligitur,
546 2178 818 2251 quomodo
851 2181 1024 2233 verbis
1054 2181 1130 2234 uti
1158 2180 1396 2252 potuerit
1422 2179 1599 2233 hisce:

340 2266 495 2334 „Die
529 2265 785 2338 Religion
824 2266 893 2320 ist
922 2265 1093 2320 durch
1124 2266 1211 2319 die
1247 2264 1643 2320 Wechselbank
1686 2264 1788 2318 der
1822 2261 2086 2318 Vernunft

204 2360 208 2366 ’
246 2352 445 2421 „mehr
475 2351 724 2405 entweiht
766 2352 843 2405 als
888 2353 1078 2421 erbaut
1119 2352 1337 2407 worden
1380 2352 1490 2406 und
1536 2351 1636 2405 der
1668 2350 1932 2419 Wucher,
1979 2349 2085 2404 den

248 2457 415 2507 „man
446 2437 617 2491 durch
646 2438 984 2512 Umsetzung
1026 2439 1126 2493 der
1153 2440 1375 2495 Wiirter
1412 2439 1725 2512 getrieben,
1769 2457 1864 2491 aus
1909 2437 2085 2491 denen

250 2524 618 2593 „Jedermann
653 2567 664 2579 .
697 2567 710 2579 .
743 2567 755 2579 .
785 2525 933 2579 nicht
971 2526 1123 2579 mehr
1150 2525 1416 2579 Verstand
1460 2526 1647 2579 ziehen
1690 2526 1859 2593 kann,
1904 2524 1981 2578 als
2026 2542 2087 2577 er

251 2610 412 2680 ,3sich
453 2611 525 2663 im
569 2609 774 2665 Stande
815 2611 1012 2680 findet,
1070 2612 1414 2685 einzulegen,
1459 2611 1769 2666 bereichert
1811 2631 1954 2665 zwar
1998 2610 2086 2664 die

252 2697 761 2766 „Taubenkriimen
807 2699 938 2752 aber
967 2697 1061 2752 auf
1084 2700 1293 2753 Kosten
1327 2698 1422 2752 des
1455 2699 1688 2764 Geiste3‚
1733 2698 1964 2760 welches
1990 2697 2089 2751 der

253 2785 450 2852 „Herr
478 2784 596 2837 ist.“
643 2782 793 2854 (Vid.
823 2786 897 2839 H.
930 2785 985 2839 S.
1016 2786 1128 2853 III,
1173 2787 1293 2839 250
1325 2787 1417 2860 ff.)

283 2871 485 2924 Notum
515 2878 692 2923 autem
724 2879 833 2939 est,
875 2870 1058 2926 Wolfii
1098 2871 1486 2944 philosophiam
1516 2891 1623 2925 non
1653 2872 1824 2925 solum
1856 2868 2089 2942 discipli-

167 2977 268 3017 xnas
309 2955 623 3028 theologiae
667 2975 992 3029 occupasse,
1039 2976 1222 3012 verum
1267 2960 1428 3012 etiam
1472 2958 1705 3031 reliquas
1747 2955 1865 3011 fere
1904 2975 2090 3010 omnes

165 3044 446 3098 literarum
499 3041 802 3115 disciplinas
858 3044 924 3096 ab
979 3043 1145 3116 ipsius
1197 3045 1470 3117 principiis
1526 3064 1590 3098 ac
1644 3043 1901 3097 methodo
1946 3053 2091 3097 stare

174 3131 419 3183 voluisse.
1018 3181 1021 3185 .

284 3217 562 3282 Virorum,
609 3215 700 3287 qui
726 3222 854 3269 tunc
882 3216 1141 3288 temporis
1170 3214 1825 3270 Leibnitzio-Wolfianam
1857 3215 2090 3290 discipli·

181 3320 300 3354 nam
329 3302 810 3373 amplectebantur,
851 3300 1231 3357 celeberrimus
1260 3299 1359 3355 fuit
1386 3300 1856 3367 MendelssohnuS,
1903 3303 1991 3374 qui
2022 3302 2091 3355 de

181 3387 342 3440 rebus
382 3387 762 3460 philosophicis
806 3387 1079 3460 disputans
1122 3396 1230 3442 tam
1274 3387 1536 3455 dilucido,
1579 3397 1797 3461 tamque
1837 3387 1980 3441 facili
2011 3388 2090 3441 di-

184 3471 339 3526 cendi
370 3491 572 3544 genere
600 3476 875 3543 utebatur,
918 3482 978 3528 ut
1015 3475 1081 3528 ab
1114 3474 1356 3529 omnibus
1386 3476 1723 3547 probaretur.
1810 3476 1931 3528 Jam
1961 3494 2090 3528 vero

185 3558 439 3612 Kantium
483 3557 728 3614 dictionis
780 3570 1083 3630 venustate,
1141 3581 1279 3635 quae
1334 3563 1386 3615 in
1430 3560 1827 3615 Mendelssohni
1883 3561 2093 3635 scriptis
