2418 3854
1195 153 1231 204 6

382 322 494 377 und
523 320 905 376 unfruchtbare
926 320 1134 390 Arbeit,
1152 320 1240 395 als
1269 321 1348 376 sie
1370 322 1423 379 in
1448 320 1557 376 den
1578 324 1805 380 meisten
1830 325 2020 384 Fiillen
2045 327 2186 382 auch

385 407 646 483 erfolglos
686 407 802 461 sein
830 405 1033 461 wiirde.
1072 438 1154 448 —
1197 408 1276 462 Es
1313 405 1604 463 bediirften
1644 409 1737 465 die
1774 413 2002 468 meisten
2031 413 2185 469 -oder

385 492 752 550 siimmtlichen
796 490 1068 547 Schriften
1109 494 1388 549 Hamanns
1428 495 1577 549 eines
1618 495 2031 570 Kommentars,
2084 498 2189 557 der

318 627 320 630 .
385 581 744 653 dickleibiger
798 578 1021 636 werden
1062 579 1295 650 kiinnte,
1348 580 1425 634 als
1466 581 1546 635 sie
1584 582 1767 637 selbst.
1964 652 1966 655 Ι

368 669 672 723 Praeterea
699 665 945 740 singulae
984 685 1102 736 res,
1141 678 1203 720 ut
1245 667 1560 740 quaestione
1588 667 1766 741 aliqua
1795 688 1905 725 non
1929 670 2190 746 indignae

255 751 391 824 sint,
434 763 614 809 tamen
652 771 762 807 non
793 761 903 821 est,
943 771 1041 807 cur
1069 753 1374 808 accuratius
1405 753 1779 826 explorentur,
1825 775 1989 829 quum
2016 767 2190 813 totum

260 840 535 912 quoddam
577 858 686 893 non
731 836 971 893 efficiant
1011 858 1116 895 nec
1169 838 1238 894 ad
1280 839 1659 913 intelligendas
1700 843 1993 899 sententias
2015 845 2190 918 ..quid-

261 946 423 998 quam
450 925 678 980 valeant.
723 926 783 979 Si
810 925 1129 980 Hamannus
1158 944 1207 980 v,
1234 945 1282 980 c.
1313 928 1663 1000 contemptim
1692 930 1860 984 verba
1888 926 2093 985 faciens
2119 931 2190 986 de

260 1012 680 1087 Francogalliae
708 1011 927 1066 saeculo
959 1010 1438 1086 duodevigesimo,
1480 1014 1627 1087 quod
1656 1015 1928 1089 appellant
1954 1016 2192 1090 philoso-

260 1099 477 1173 phicum
515 1098 675 1167 (vide
703 1099 985 1153 Hamanns
1027 1096 1299 1154 Schriften
1340 1100 1425 1170 Π,
1475 1099 1651 1178 179),
1691 1102 2024 1179 interrogat,
2065 1124 2194 1159 num

259 1196 553 1260 propterea
582 1185 688 1239 hoc
719 1185 935 1239 nomine
974 1185 1249 1247 saeculum
1287 1186 1419 1242 illud
1449 1198 1770 1258 exornetur,
1813 1190 2066 1262 quoniam
2108 1211 2196 1245 se·-

261 1273 495 1330 cundum
524 1272 682 1345 signa
711 1272 841 1326 artis
882 1272 1151 1343 musicae,
1196 1293 1329 1347 quas
1367 1279 1527 1328 notas
1567 1294 1822 1330 vocamus
1850 1273 2084 1332 musicas
2114 1277 2221 1331 di--

259 1360 562 1436 gladietur3
606 1378 737 1413 casu
765 1368 973 1413 tantum
999 1356 1179 1414 fausto
1211 1362 1611 1434 cognoscimuS,
1643 1361 1816 1416 latere
1844 1362 1935 1417 hic
1964 1362 2196 1437 aliquam

258 1446 711 1520 significationem
741 1445 957 1499 omnino
1001 1446 1332 1521 singularem
1359 1448 1711 1516 Rousseavii,
1755 1449 1847 1522 qui
1875 1451 2114 1506 narravit
2141 1451 2196 1504 in

257 1531 822 1604 „Confessionibus,“
863 1541 1038 1588 artem
1079 1554 1140 1588 se
1179 1534 1561 1608 gladiatoriam
1601 1535 1901 1591 secundum
1937 1537 2198 1591 terminos

258 1621 494 1676 musicos
524 1619 777 1674 debuisse
807 1618 1039 1676 discere.
1110 1621 1293 1676 Verba
1322 1630 1503 1677 autem
1530 1622 1804 1676 Hamanni
1832 1631 1957 1679 sunt
1984 1623 2152 1679 haec:

429 1706 580 1776 „Ein
609 1705 997 1776 Jahrhundert,
1025 1725 1109 1762 wo
1138 1726 1261 1762 man
1287 1741 1373 1749 —
1397 1740 1482 1751 —
1501 1707 1640 1763 nach
1670 1708 1855 1764 Noten
1884 1710 2036 1782 ficht,
2065 1709 2198 1766 wird

429 1793 575 1863 „das
611 1791 1051 1866 philosophische
1088 1799 1381 1867 genannt.“

340 1881 562 1935 Pariter
591 1879 695 1933 alio
726 1879 879 1934 loco:
912 1877 1030 1954 (H.
1061 1881 1119 1935 S.
1149 1881 1282 1950 VII,
1318 1882 1447 1958 12.)
1919 1931 1923 1937 .

430 1968 529 2036 „0
559 1986 650 2023 um
682 1966 771 2028 die
790 1967 1100 2039 Handlung
1129 1967 1278 2022 eines
1301 1966 1703 2023 Demosthenes
1734 1967 1853 2023 und'
1873 1968 2024 2024 seine
2054 1967 2197 2023 drei-

428 2095 461 2123 „
478 2054 659 2127 einige
687 2053 933 2128 Euergie
965 2053 1066 2107 der
1091 2054 1581 2109 Beredsamkeit!“
1862 2105 1866 2110 .

261 2141 528 2197 exclamat
555 2142 891 2200 Hamannus.
967 2141 1112 2202 Quid
1143 2141 1312 2215 igitur
1341 2151 1423 2196 est
1452 2142 1581 2197 hoc:
1623 2141 1927 2216 dreieinige
1954 2141 2200 2216 Euergie

261 2227 363 2283 der
389 2226 848 2284 Beredsamkeit?
918 2226 1162 2300 Hegelio
1204 2229 1426 2284 effatum
1455 2229 1564 2284 tale
1594 2229 1746 2302 quasi
1773 2228 2075 2302 sibyllinum
2105 2248 2199 2283 ex-

261 2314 450 2387 plicari
480 2314 624 2369 nullo
655 2313 820 2368 modo
851 2328 1017 2386 posse·
1047 2314 1333 2371 videbatur
1363 2315 1560 2389 (addit
1589 2316 1730 2370 enim
1758 2315 2202 2390 interrogationis

260 2403 475 2475 signum
504 2402 646 2456 inter
673 2401 937 2455 vocabula
966 2400 1345 2476 „dreieinige“
1374 2411 1429 2456 et
1464 2403 1779 2476 „Energie“
1807 2401 1889 2457 l.l.
1919 2401 2199 2479 pag.86).

258 2490 577 2545 Hamannus
607 2489 724 2560 ipse
753 2488 909 2542 nobis
939 2487 1196 2544 dissolvat
1222 2488 1451 2543 nodum:
1486 2490 1722 2558 „omnia,
1751 2507 1891 2562 quae
1933 2508 1967 2543 a
1993 2488 2200 2543 Demo-

259 2575 480 2644 sthene,
511 2575 700 2647 inquit‚
732 2574 930 2648 triplici
958 2574 1062 2629 hac
1092 2576 1246 2630 unius
1278 2576 1524 2630 vocabuli
1553 2577 1682 2630 artis
1711 2576 2036 2648 repetitione
2061 2574 2202 2634 indi-

260 2662 375 2720 cari
401 2660 678 2731 videntur,
710 2659 816 2735 (H.
847 2663 904 2717 S.
936 2662 1039 2731 VI,
1071 2661 1248 2737 355.)
1296 2662 1647 2732 [vocabulum
1689 2671 1869 2716 autem
1897 2661 2028 2723 illud
2055 2662 2205 2732 artie,

262 2749 332 2804 de
362 2768 470 2823 quo
500 2749 668 2802 verba
695 2745 826 2802 facit
865 2757 948 2802 est
986 2752 1130 2802 actio
1172 2745 1295 2822 (die
1323 2748 1689 2824 Handlung)]
1726 2749 1837 2818 vel,
1881 2747 2029 2822 quod
2055 2747 2202 2804 idem

263 2845 362 2905 est,
392 2855 532 2909 quae
573 2834 972 2888 Demosthenes
1003 2834 1073 2889 de
1102 2834 1206 2889 hac
1236 2839 1449 2889 actione
1481 2834 1597 2910 (H.
1630 2836 1686 2890 S.
1719 2836 1820 2904 VI,
1853 2833 2029 2912 325.)
2071 2854 2201 2908 pro-

261 2923 550 2991 nuntiavit,
594 2921 722 2975 mihi
750 2921 893 2975 valet
922 2921 1123 2990 oratio,
1172 2919 1484 2998 (Sprache)
1517 2931 1607 2991 ut,
1652 2923 1697 2976 si
1727 2941 1902 2976 essem
1931 2938 2106 2996 aeque
2133 2941 2201 2976 ac

259 3008 659 3064 Demosthenes
689 3006 995 3082 eloquentia
1022 3009 1256 3082 imbutus
1303 3006 1410 3083 (H.
1441 3012 1497 3082 S.
1527 3009 1664 3078 VII,
1699 3007 1872 3086 151.)
1903 3007 2033 3063 nihil
2052 3006 2200 3078 mihi,

262 3096 364 3151 nisi
391 3115 556 3149 unum
583 3096 805 3149 verbum
826 3103 913 3150 ter
943 3104 1089 3150 esset
1115 3095 1502 3170 repetendum:
1532 3096 1671 3152 ratio
1702 3094 2010 3165 est,oratio,
2027 3093 2199 3165 λόγος.

264 3179 564 3259 (Vernunft
590 3182 660 3234 ist
687 3181 982 3259 Sprache.)

391 3268 578 3325 Locus
620 3268 790 3341 igitur
831 3269 947 3338 ille,
1001 3269 1056 3322 in
1100 3289 1208 3343 quo
1254 3289 1450 3324 novam
1492 3287 1784 3342 veramque
1825 3266 2200 3340 philosophiae

264 3357 405 3412 viam
445 3362 726 3428 exspectat
766 3362 928 3428 atque
970 3364 1192 3428 exoptat
1234 3376 1335 3430 per
1378 3356 1678 3411 orationem
1725 3363 1780 3408 et
1808 3373 1908 3427 per
1937 3355 2200 3409 sermonis
2294 3350 2300 3354 ⁵

264 3443 497 3503 studium
529 3441 994 3519 diligentissimum
1022 3441 1338 3512 ineundam,
1384 3443 1534 3502 cuius
1563 3448 1774 3520 partem
1805 3439 2074 3518 quandam
2102 3440 2197 3501 ad-
