2418 3854
1200 153 1236 204 2

365 322 517 384 Quas
559 320 840 396 opiniones
875 319 1156 384 tralatitias
1184 320 1355 395 igitur
1395 329 1454 375 ut
1482 319 1727 377 homines
1769 325 1972 400 ingenii
2001 326 2181 402 aliqua

250 408 579 479 praestantia
607 409 845 480 insignes
876 416 1195 480 oppugnent
1231 415 1288 461 et
1315 417 1632 478 amoveant,
1670 407 1813 465 forte
1841 410 2059 467 fortuna
2086 433 2178 468 ac-

251 495 385 552 cidit
411 495 679 563 secunda,
707 502 768 546 ut
797 492 1198 565 quodammodo
1229 494 1469 548 innatum
1498 496 1562 548 iis
1591 496 1660 549 sit
1690 491 2054 569 exquirendae
2083 519 2177 556 eo-

246 602 386 653 rum,
413 601 551 656 quae
579 578 945 653 perceperint,
976 581 1222 654 originis,
1251 581 1492 654 verique,
1522 581 1669 655 quod
1698 582 1762 636 iis
1792 584 1931 655 insit,
1960 586 2179 640 investi-

247 669 418 745 gandi
448 665 790 722 desiderium.

203 751 212 755 ’
358 755 468 811 Ubi
497 760 678 807 autem
699 751 879 806 valent
906 751 1044 805 istae
1069 751 1350 824 opiniones
1372 762 1780 826 praeposterae,
1811 755 1902 809 ubi
1927 775 2010 825 ea,
2039 776 2179 830 quae

244 842 548 909 traduntur,
590 839 705 893 sine
732 837 1094 911 inquisitione,
1123 856 1325 892 verane
1381 858 1449 894 an
1479 837 1612 894 falsa
1652 841 1785 909 sint,
1826 841 2180 914 accipiuntur,

245 928 500 1004 quoniam
526 925 728 980 tradita
756 932 880 978 sunt
909 943 941 977 a
970 925 1294 994 maioribuS,
1335 945 1471 999 quos
1511 945 1620 981 non
1649 928 1721 983 sit
1747 926 1828 982 fas
1858 928 2177 1002 inquirendo

244 1017 300 1071 in
331 1034 397 1069 ea
426 1031 566 1087 quae
594 1027 726 1066 vera
747 1009 878 1083 ipsis
910 1010 1021 1063 visa
1051 1010 1185 1080 sint,
1227 1009 1476 1082 laedere,
1519 1008 1595 1067 ibi
1637 1015 1914 1069 exoriatur
1952 1033 2179 1073 necesse

244 1110 329 1159 est
357 1099 701 1155 coacervatio
731 1097 820 1150 illa
847 1096 1129 1150 notionum
1158 1097 1515 1171 singularum,
1547 1100 1914 1173 abruptarum,
1943 1101 2180 1175 nihilque

242 1187 549 1254 valentium,
596 1204 736 1258 quae
765 1182 1000 1237 traditae
1030 1183 1136 1238 hoc
1166 1183 1331 1239 modo
1377 1205 1442 1239 ac
1472 1197 1730 1259 receptae
1759 1187 1956 1252 nullam
1986 1187 2056 1242 ad
2100 1189 2179 1242 vi-

241 1285 355 1332 tam
397 1272 613 1327 vitalem
658 1271 946 1344 animoque
990 1270 1289 1344 agendam,
1335 1270 1393 1325 id
1437 1282 1545 1341 est,
1590 1271 1659 1326 ad
1704 1273 1887 1328 literas
1933 1282 1989 1328 et
2031 1283 2178 1329 artes

241 1357 640 1438 promovendas
671 1357 777 1412 vim
803 1355 1022 1412 habent.
1052 1390 1137 1398 —
1166 1358 1345 1431 Atque
1385 1358 1438 1412 in
1480 1359 1719 1431 receptis
1751 1359 2019 1414 eiusmodi
2059 1361 2177 1434 opi-

241 1449 487 1507 nionibus
531 1446 885 1519 acquiescere
932 1454 1356 1511 consueverunt,
1400 1445 1493 1499 ubi
1539 1444 1609 1500 de
1639 1447 1935 1501 Hamameo
1978 1447 2178 1521 agitur,

243 1536 395 1592 cuius
426 1542 482 1588 et
509 1533 619 1587 vita
662 1540 718 1587 et
746 1530 951 1603 scripta
988 1531 1063 1584 ita
1092 1532 1443 1604 ignorantur,
1488 1540 1547 1586 ut
1588 1532 1803 1606 plurimi
1846 1542 1940 1588 aut
1979 1552 2176 1589 nomen

242 1625 357 1678 eius
387 1621 648 1688 nesciant,
694 1627 786 1672 aut
815 1619 859 1671 si
890 1617 1082 1686 sciunt,
1125 1618 1232 1672 ho'c
1262 1627 1446 1691 agant,
1475 1627 1535 1672 ut
1565 1620 1821 1674 cramben
1844 1607 1933 1674 ¹bis
1964 1629 2178 1676 coctam

239 1727 543 1781 recoquere
585 1725 693 1759 non
739 1704 1015 1770 dubitent,
1074 1704 1199 1758 nihil
1248 1714 1525 1773 curanteS,
1580 1715 1760 1760 utrum
1806 1726 1871 1761 ea
1914 1707 1983 1760 sit
2026 1708 2177 1762 cibus

240 1795 574 1862 esculentus,
620 1812 685 1845 an
728 1811 850 1846 cum
881 1790 1237 1845 condimentis
1267 1792 1441 1845 noxiis
1470 1791 1645 1848 mista.

356 1882 492 1949 Qui,
538 1877 814 1953 quomodo
853 1876 1185 1932 satisfaciant
1226 1877 1405 1932 studio
1436 1880 1608 1933 nostri
1636 1879 1896 1952 temporis
1927 1898 2037 1933 non
2064 1888 2175 1934 tam

239 1971 333 2026 diu
376 1969 610 2022 excitato
649 1975 812 2039 atque
841 1965 983 2017 bene
1011 1963 1190 2018 multis
1218 1962 1352 2018 locis
1385 1965 1616 2039 vigenti,
1658 1974 1719 2020 ut
1749 1986 1815 2020 ea
1845 1965 2172 2039 amplectan-

236 2068 327 2113 tur
356 2056 584 2110 maxime
636 2054 734 2106 viri
778 2051 954 2119 docti,
1001 2070 1140 2124 quae
1196 2051 1364 2105 literis
1421 2071 1715 2126 earumque
1769 2052 1992 2107 historia
2031 2052 2178 2127 apud

235 2164 335 2199 nos
366 2143 724 2208 continentur,
769 2138 895 2192 dum
925 2156 1060 2210 prae
1089 2138 1483 2193 recentioribus
1512 2148 1699 2193 vetera
1730 2139 2054 2214 negligunt,
2078 2147 2173 2195 aut

239 2232 417 2286 obiter
466 2235 730 2295 tractant,
774 2245 881 2279 non
926 2222 1086 2279 facile
1131 2234 1215 2279 est
1252 2225 1543 2281 intellectu.
1615 2227 1759 2280 Nam
1802 2226 2078 2282 literarum
2121 2227 2175 2282 in

239 2316 534 2373 Germania
575 2323 761 2367 nostra
803 2322 983 2366 aetate
1025 2311 1291 2381 studium,
1335 2313 1435 2366 nisi
1476 2314 1777 2386 perspectis
1816 2313 2012 2386 prioris
2054 2315 2175 2369 aevi

235 2404 467 2476 scriptiS,
498 2421 637 2475 quae
668 2399 969 2453 arctissime
1000 2399 1139 2453 inter
1167 2419 1227 2453 se
1258 2408 1313 2454 et
1342 2418 1465 2454 cum
1488 2401 1835 2473 sequentibus
1860 2398 2175 2469 cohaerent,

233 2490 652 2563 haudquaquam
703 2484 1025 2559 frugiferum
1076 2505 1198 2539 esse
1247 2495 1444 2559 potest.
1530 2486 1657 2541 Non
1697 2486 1860 2540 modo
1900 2506 2008 2541 non
2039 2488 2173 2543 vitu-

234 2577 478 2652 peranda
532 2576 729 2648 igitur,
782 2572 882 2627 sed
937 2574 1077 2626 iusta
1122 2572 1336 2627 videtur
1390 2581 1445 2627 et
1496 2574 1805 2627 necessaria
1847 2574 2174 2647 scriptorum

233 2666 529 2721 Hamanm‘
561 2661 950 2735 perscrutatiO,
1009 2660 1093 2713 cui
1138 2670 1193 2716 et
1233 2659 1543 2733 theologia,
1589 2680 1748 2733 quam
1789 2660 1978 2715 dicere
2015 2661 2171 2716 nobis

232 2754 395 2809 liceat
423 2750 804 2815 recentiorem,
850 2766 972 2800 sese
1002 2746 1287 2819 applicuit,
1323 2755 1379 2800 et
1407 2767 1439 2800 a
1471 2748 1622 2801 cuius
1653 2747 1811 2802 dictis
1840 2747 2172 2821 philosophi-

234 2842 311 2896 cis
342 2846 494 2893 secta
523 2834 792 2910 quaedam
820 2833 1266 2907 philosophorum
1309 2835 1633 2888 auctoritate
1675 2843 1730 2888 et
1769 2853 1996 2890 numero
2024 2833 2171 2905 haud

233 2925 486 3000 ignobilis
518 2923 789 2996 originem
819 2928 874 2974 et
917 2921 1307 2975 incrementum
1338 2921 1527 2989 traxit,
1573 2929 1631 2975 ut
1670 2921 1881 2976 silentio
1924 2930 2171 2995 praeter-

233 3015 441 3068 mittam
486 3011 570 3065 vel
614 3008 960 3075 Herderum,
1007 3007 1097 3079 qui
1139 3007 1362 3080 ingenio
1409 3027 1507 3061 suo
1551 3008 1835 3080 praeclaro
1879 3006 2073 3063 refecit
2116 3017 2172 3062 et

232 3101 392 3174 plane
422 3098 720 3151 immutavit
749 3103 894 3149 artes
933 3103 1148 3148 nostras
1190 3094 1469 3162 liberaleS,
1513 3095 1804 3149 excitatum
1846 3114 1966 3148 esse
2006 3105 2169 3167 atque

234 3185 505 3243 excultum
538 3201 640 3256 per
669 3184 1056 3248 Hamatmum,
1101 3181 1248 3254 quod
1278 3179 1418 3236 infra
1445 3182 1665 3236 uberius
1696 3181 1997 3236 docebitur.

345 3275 525 3344 Atque
582 3269 720 3322 haec
772 3268 888 3320 laus
932 3266 1219 3323 Friderico
1276 3270 1518 3342 inprimis
1563 3267 1875 3342 Schlegelio
1919 3267 2168 3337 debetur,

234 3359 380 3435 quod
411 3357 728 3413 memoriam
758 3354 858 3407 viri
888 3353 1142 3426 squalore
1184 3363 1241 3410 et
1283 3356 1552 3411 oblivione
1592 3355 1866 3409 obtectam
1907 3355 1959 3409 in
1990 3354 2170 3410 lucem

234 3446 530 3519 protraxit,
602 3450 931 3515 praeterque
997 3459 1121 3494 eum
1183 3441 1476 3511 Herdero,
1528 3449 1691 3515 atque
1750 3442 2012 3511 Jacobio,
2077 3442 2169 3515 qui

235 3532 459 3605 singulis
500 3530 815 3601 eximiisque
871 3528 1164 3582 Hamaum'
1200 3527 1595 3584 laudationibus
1609 3570 1626 3598 ,
1669 3536 1725 3584 et
1763 3528 2032 3598 Goethio,
2077 3528 2168 3602 qui
