2418 3854
1193 174 1273 236 26

270 359 406 418 muS,
451 349 806 417 contineatur,
850 350 906 402 ni
934 365 1156 421 prorsus
1184 344 1432 419 fallimur,
1478 349 1583 404 hoc
1622 350 1803 422 valuit,
1846 360 1907 406 ut
1935 351 2022 407 alii
2052 370 2085 407 a
2104 351 2190 408 -le-

271 435 467 511 gelidis
497 435 739 491 eiusdem
769 429 982 508 scriptis
1013 426 1438 505 deterrerentur,
1482 435 1588 504 alii,
1632 437 1723 509 qui
1751 456 1977 511 operam
2004 439 2071 493 iis
2092 456 2192 494 na·⁴

270 534 485 593 varent,
519 530 923 596 praeoccupata
950 521 1053 576 hac
1083 523 1337 596 opinione
1364 524 1419 577 in
1450 541 1666 576 errores
1694 519 2094 580 inducerentur.
2109 555 2188 567 ·--

269 603 580 677 Rationem,
611 627 767 681 quae,
797 617 857 662 ut
883 607 959 662 ita
988 608 1539 678 dicam,Hamannum
1567 610 1710 663 inter
1728 621 1784 663 et
1796 610 2192 686 philosophiam

269 696 659 764 intercedebat,
687 695 953 749 inimicam
983 695 1148 750 fuisse
1175 695 1549 768 philosophiae
1576 694 1713 750 illius
1741 700 1999 773 temporis
2028 716 2192 772 supra

269 782 719 859 significavimus;
757 781 896 836 hanc
935 800 1066 835 vero
1107 782 1225 864 ipse
1263 800 1371 834 non
1412 781 1530 835 aliis
1575 783 1750 836 causis
1794 781 2050 855 defendit,
2090 785 2193 839 nisi

270 890 356 939 e0,
387 867 534 943 quod
561 868 899 950 philosophia
926 868 1029 922 ista
1057 869 1251 922 suimet
1277 863 1444 941 ipsius
1474 868 1637 922 animi
1662 877 1890 924 naturae
1919 884 1985 925 ac
2010 872 2191 926 sensui

270 956 483 1013 cuidam
513 974 635 1009 eam
663 954 939 1027 respuenti
969 953 1302 1028 refragetur.
1355 955 1533 1015 Quem
1562 956 1838 1029 quomodo
1870 958 2189 1012 confirman—

268 1045 394 1098 dum
438 1051 602 1116 atque
642 1040 1105 1095 corroborandum
1147 1040 1460 1110 crediderit,
1499 1061 1605 1115 qua
1644 1043 1855 1097 ratione
1896 1044 1950 1098 in
1995 1042 2191 1098 eodem

266 1132 408 1185 vitae
444 1148 575 1183 suae
615 1128 855 1181 laborem
899 1137 954 1181 et
992 1127 1156 1182 studii
1191 1129 1354 1182 finem
1400 1130 1635 1201 positum
1675 1149 1797 1184 esse
1828 1131 2077 1204 opinatus
2105 1131 2191 1199 sit,

268 1227 446 1291 eoque
486 1215 680 1269 ductus
718 1212 933 1267 fortiter
972 1228 1190 1288 sem'per
1229 1215 1524 1285 resisteret,
1568 1217 1874 1271 accuratius
1914 1218 2019 1272 erit
2059 1234 2190 1271 enu-

267 1303 567 1360 cleandum.
609 1333 692 1342 -
740 1302 881 1355 Cum
923 1321 1054 1356 vero
1095 1321 1161 1356 ex
1201 1303 1386 1374 priore
1427 1321 1550 1370 cum
1588 1303 1806 1358 Kantio
1832 1301 2192 1359 familiaritate

237 1411 429 1450 ,causa
457 1387 740 1462 prodierit,
785 1387 932 1462 quod
973 1389 1300 1443 contrarium
1340 1389 1613 1444 scribendi
1654 1399 2033 1465 argumentum
2072 1391 2192 1446 Ha-

263 1496 487 1533 mannus
517 1476 759 1550 appetiit,
802 1477 1166 1530 necessarium
1196 1484 1298 1543 est,
1339 1485 1401 1530 ut
1428 1485 1671 1531 mutuum
1701 1496 1890 1532 eorum
1920 1492 2188 1534 commer-

265 1567 405 1621 cium
457 1583 526 1618 ex
564 1563 838 1617 Hamanni
894 1562 965 1617 ad
1002 1560 1262 1618 Kantium
1314 1562 1506 1618 litteris
1547 1562 1911 1637 explanemus.
1994 1563 2190 1626 'Quum

263 1653 406 1708 enim
446 1650 720 1705 Hamanni
760 1649 918 1703 amici
957 1641 1145 1704 omnes
1185 1659 1312 1724 post
1342 1650 1524 1705 irritos
1564 1659 1648 1705 tot
1687 1650 2192 1720 labores-nondum

263 1737 587 1794 abiecissent
627 1755 780 1808 spem
817 1733 955 1806 fore,
998 1746 1061 1791 ut
1101 1756 1225 1791 eum
1265 1756 1298 1790 a
1339 1736 1600 1791 dissoluta
1642 1745 1806 1811 atque
1846 1738 2029 1793 otiosa
2059 1738 2188 1807 vita,

262 1826 473 1900 qualem
517 1822 886 1897 appellabant,
933 1843 1093 1897 quam
1131 1824 1507 1898 Regiomontii
1546 1822 1815 1898 degebat,
1861 1832 2187 1894 averterent,

261 1915 403 1967 inter
433 1911 536 1965 alia
564 1911 649 1965 usi
678 1919 802 1965 sunt
830 1909 1039 1979 Kantii,
1082 1911 1379 1965 communis
1411 1912 1525 1965 eius
1566 1921 1623 1965 et
1653 1912 1890 1966 omnium
1919 1911 2079 1966 amici
2107 1912 2186 1966 in-

259 2000 592 2055 tercessione
623 2006 679 2052 et
707 1997 920 2053 auxilio,
1010 1997 1220 2059 Quodsi
1259 2006 1508 2071 tempore
1548 1998 1792 2070 proxime
1829 1996 2189 2053 antecedente

257 2087 530 2142 Hamanni
570 2103 692 2139 cum
722 2084 924 2138 Kantio
966 2085 1295 2139 consortium
1337 2094 1619 2141 externum
1659 2084 1934 2158 quoddam
1976 2094 2095 2140 erat
2132 2093 2189 2140 et

258 2183 485 2248 propter
515 2172 810 2227 contrarias
838 2173 1119 2245 utriusque
1148 2172 1441 2226 sententias
1471 2170 1887 2245 haudquaquam
1925 2169 2188 2226 familiare

259 2270 315 2316 et
352 2280 481 2315 vere
523 2261 770 2326 amicum,
814 2277 1138 2333 quamquam
1166 2259 1400 2313 Kantius
1441 2279 1528 2328 eo,
1573 2258 1720 2332 quod
1759 2266 1962 2332 sponte*
1992 2277 2054 2313 se
2093 2277 2183 2312 so-

260 2349 400 2402 cium
433 2347 613 2419 operis
646 2346 972 2401 coniunctim
1003 2345 1201 2401 edendi
1232 2346 1518 2414 offerebat,
1561 2344 1668 2399 hoc
1710 2355 1922 2400 mutare
1959 2342 2185 2400 familia-

259 2437 477 2508 riusque
517 2433 751 2487 reddere
791 2433 1070 2499 studebat;
1118 2431 1225 2507 (H.
1258 2434 1314 2488 S.
1355 2433 1401 2501 Ι,
1446 2433 1589 2499 431,
1632 2433 1775 2501 505,
1822 2433 1964 2499 508,
2008 2430 2183 2508 512.)

258 2524 364 2576 iam
395 2521 574 2575 oblata
606 2520 887 2575 videbatur
917 2521 1152 2588 occasio,
1198 2519 1379 2574 delato
1423 2518 1491 2572 ad
1522 2520 1780 2573 Kantium
1811 2519 2185 2574 intercessoris

260 2627 501 2676 munere,
545 2617 621 2676 ut,
665 2606 813 2680 quod
858 2627 959 2681 per
986 2607 1169 2661 literas
1199 2606 1318 2661 fieri
1348 2625 1453 2659 non
1485 2614 1720 2678 poterat,
1762 2605 2181 2660 societatisvin-

257 2695 379 2750 culo
410 2696 781 2768 iungerentur.
869 2696 1025 2768 Opus
1056 2703 1237 2747 autem
1264 2692 1411 2762 illud,
1456 2689 1607 2765 cujus
1650 2693 1979 2749 mentionem
2016 2689 2183 2748 modo

254 2782 499 2850 fecimuS,
544 2801 576 2835 a
604 2781 808 2834 Kantio
839 2781 1175 2854 propositum
1204 2780 1311 2833 hoc
1342 2787 1488 2833 erat:

370 2871 524 2923 Anno
556 2868 1004 2922 MDCCLXIX
989 2887 1044 2922 ln
1074 2867 1301 2940 epistola
1331 2865 1563 2940 quadam
1593 2866 1664 2920 ad
1692 2866 1952 2926 Kantium
1977 2807 2183 2949 ‘scripta

254 2959 572 3010 Hamannus
604 2963 992 3009 commemorat
1014 2974 1150 3028 opus
1172 2953 1507 3028 quoddam,
1493 2973 1546 3008 ln
1577 2973 1703 3028 quo,
1735 2973 1877 3027 quae
1897 2942 2183 3008 tractanda

253 3042 454 3098 fuerint
495 3057 544 3096 e·
567 3043 744 3096 verbis
774 3043 1045 3096 Hamanni
1089 3041 1329 3096 divinare
1357 3049 1564 3095 tantum
1594 3060 1894 3113 possumus,
1981 3035 2088 3112 (H.
2120 3038 2177 3094 S.

254 3132 300 3199 I,
334 3131 474 3184 505.
562 3131 682 3183 wir
711 3127 960 3184 miichten
993 3129 1278 3196 vielleicht,
1322 3129 1398 3181 ita
1429 3129 1616 3182 scribit
1653 3128 1722 3183 de
1765 3128 1903 3181 libro
1943 3124 2177 3193 edendo,

256 3236 360 3270 von
392 3217 568 3270 einem
600 3215 872 3270 Geschick
905 3216 1043 3269 dazu
1075 3217 1206 3284 sein,
1250 3215 1361 3269 und
1389 3235 1495 3268 von
1528 3216 1704 3269 einem
1731 3212 2031 3278 Zuschnitt‚
2077 3211 2178 3266 der

257 3310 763 3373 zusammenpasste,
791 3333 880 3343 ——-
919 3311 974 3356 et
1003 3302 1073 3355 de
1104 3302 1300 3356 eodem
1329 3302 1489 3375 paulo
1520 3310 1671 3375 post:
1723 3299 1890 3353 Nicht
1919 3297 2020 3356 der
2048 3299 2175 3353 Bei-

255 3390 345 3445 fall
377 3391 472 3445 des
503 3388 948 3462 gegenwiirtigen
980 3388 1392 3457 JahrhundertS,
1437 3380 1534 3442 das
1575 3387 1671 3440 wir
1711 3385 1894 3453 seben,
1939 3385 2177 3440 sondern
2214 3422 2222 3428 ,

257 3479 353 3532 des
396 3474 698 3549 kiinftigen,
743 3474 839 3528 das
880 3474 1189 3527 unsichtbar
1226 3473 1319 3542 ist,
1364 3474 1464 3529 soll
1504 3492 1603 3527 uns
1643 3473 1971 3545 begeistern.
2035 3470 2179 3528 ‘wir

256 3565 442 3619 wollen
474 3563 621 3618 nicht
650 3581 846 3617 unsere
876 3561 1204 3634 Vorganger
1233 3560 1577 3628 beschiimen,
1605 3559 1840 3614 sondern
1870 3560 2177 3614 einMuster
