2418 3854
1205 150 1288 210 20

282 327 601 382 lutissimum
632 327 965 381 obversetur.
1013 321 1240 398 (Jacobi
1268 324 1362 395 IV,
1393 325 1451 396 3,
1487 325 1660 402 116.)
1708 325 1911 403 (Giebt
1938 330 2040 385 mir
2069 332 2208 387 Gott

283 414 466 468 Gliick
496 412 607 467 und
635 409 847 481 Krafte,
876 409 1020 464 mein
1041 409 1214 482 Ideal,
1243 411 1341 466 das
1370 413 1423 467 in
1453 412 1660 467 meiner
1677 413 1840 470 Seele
1869 415 2048 491 giihrt,
2078 417 2204 473 dar-

281 498 592 575 zustellen.)
1313 559 1320 566 ¹

396 585 608 648 Quodsi
646 590 796 638 tanta
838 577 1157 637 conceditur
1196 592 1440 661 potestas
1480 594 1642 656 atque
1681 588 1931 656 potentia·
1960 589 2203 644 sensibus

282 673 412 746 ipsis
444 681 606 744 atque
635 669 940 739 affectibuS,
969 668 1099 723 illud
1129 671 1309 739 etiam,
1340 669 1488 742 quod
1517 670 1814 724 secundum
1842 682 2065 730 naturae
2093 674 2203 729 fra—

281 760 544 834 gilitatem
586 757 831 810 omnibus
870 756 1173 809 hominibus
1216 774 1556 810 communem
1595 757 1649 810 in
1687 777 1872 812 omnes
1913 761 2074 822 cadat
2109 782 2203 816 ne-

281 864 435 901 cesse
466 851 566 912 est,
605 862 711 896 non
743 851 926 915 potest
954 841 1162 895 deesse.
1249 843 1298 895 A
1325 839 1544 915 fastigio
1588 843 1727 897 enim
1756 843 1892 899 illius
1931 849 2205 918 potentiae

280 931 522 986 sensibus
565 930 801 983 tributae
843 925 1042 1000 dejecti
1071 926 1143 980 ad
1173 929 1501 982 contrarium
1531 926 1793 998 feruntur,
1837 947 2205 1008 summamque

279 1016 530 1073 miseriae
573 1016 838 1070 humanae
877 1013 1199 1086 explicatam
1239 1022 1364 1069 ante
1403 1014 1589 1070 oculos
1620 1016 1819 1071 habent
1861 1038 1926 1073 ac
1956 1020 2205 1075 sentiunt.

278 1136 362 1146 —-—
406 1102 604 1175 Neque
643 1120 774 1155 vero
817 1101 1135 1154 Hamannus
1170 1102 1371 1155 ver-itus
1409 1090 1718 1173 est,'(cum
1758 1105 1875 1177 ipse
1918 1105 2065 1161 dicat
2102 1107 2207 1176 III,

281 1189 424 1246 381.
456 1188 597 1241 ohne
628 1188 717 1241 die
745 1185 1202 1245 Vertraulichkeit
1229 1188 1491 1261 gewisser
1517 1188 1748 1244 Bliissen
1776 1191 1887 1244 und
1916 1191 2208 1248 Schwach-

277 1277 459 1331 heiten
501 1273 672 1329 findet
708 1274 833 1326 kein
875 1274 1091 1327 Genuss
1133 1272 1234 1327 der
1274 1275 1497 1329 Geister
1534 1275 1712 1352 statt.)
1759 1278 1920 1332 etiam
1959 1279 2209 1334 vitiorum

281 1381 502 1418 suorum
543 1378 854 1434 proponere
894 1360 1051 1414 nobis
1092 1359 1428 1433 adspectum,
1472 1380 1610 1434 quae
1652 1382 1770 1431 noS,
1814 1383 1936 1418 cum
1981 1379 2209 1421 censura

280 1468 469 1504 eorum
510 1448 576 1501 ab
608 1448 726 1520 ipso
768 1454 891 1501 acta
921 1446 1017 1516 sit,
1061 1445 1417 1502 admiratione
1446 1448 1602 1502 simul
1630 1458 1793 1524 atque
1821 1450 2051 1506 horrore
2088 1449 2207 1506 affi-

281 1538 443 1591 ciunt.
473 1566 556 1575 --

405 1623 659 1676 Horrore
708 1619 851 1675 dico.
952 1619 1087 1681 Quis
1132 1620 1273 1675 enim
1318 1628 1429 1689 est,
1503 1621 1628 1694 quin
1672 1623 1847 1697 magis
1890 1632 1986 1678 aut
2037 1623 2210 1679 minus

283 1715 548 1782 agnoscat
586 1707 641 1760 in
682 1704 1110 1761 confessionibus
1151 1706 1251 1760 illis
1292 1706 1583 1781 imaginem
1623 1709 1784 1763 animi
1822 1710 2066 1765 eiusdem
2093 1730 2211 1766 mo-

284 1805 438 1850 tuum
468 1802 630 1866 atque
662 1793 996 1847 affectuum?

398 1881 510 1934 Sub
541 1880 645 1933 hac
675 1888 857 1933 autem
895 1878 1191 1934 humilitate
1230 1898 1361 1933 vere
1401 1879 1707 1950 christiana,
1751 1882 2019 1938 occultam
2046 1880 2214 1938 fuisse

282 1969 572 2022 vanitatem
615 1956 701 2019 ac*
727 1966 1036 2039 superbiam
1065 1966 1337 2019 Hamanni
1366 1986 1544 2035 nemu,
1590 1969 1738 2022 cuius
1770 1969 1988 2042 quidem
2029 1979 2113 2025 est
2157 1971 2213 2025 in

283 2075 465 2109 rerum
509 2072 697 2108 causas
741 2053 1032 2125 inquirere,
1078 2052 1320 2107 Gervino
1351 2055 1674 2108 assentietur
1702 2055 1809 2110 hoc
1837 2057 2052 2130 saepius
2082 2076 2211 2112 con-

282 2141 542 2196 tendenti.
572 2173 655 2179 -—
1527 2154 1529 2159 '
2067 2190 2079 2204 t

401 2229 667 2281 Sensuum
708 2233 888 2278 autem
928 2225 1139 2279 illorum
1179 2226 1412 2281 varietas
1454 2235 1510 2281 et
1541 2228 1866 2299 vicissitudo,
1911 2203 2213 2304 quaeQum

285 2317 340 2369 in
377 2316 540 2368 rebus
585 2313 773 2386 gestiS,
816 2321 929 2365 tum
969 2313 1023 2366 in
1064 2313 1401 2367 sermonibus
1438 2315 1710 2369 Hamanni
1750 2326 2014 2389 apparet,·
2047 2325 2212 2390 atque

287 2401 448 2456 alium
477 2401 581 2453 alio
612 2410 860 2472 tempore
891 2418 1012 2452 eum
1043 2399 1309 2472 praebuit,
1351 2400 1498 2454 haud
1541 2402 1889 2457 mediocriter
1928 2412 2088 2458 aucta
2129 2412 2215 2459 est

288 2508 370 2557 ea,
416 2507 574 2561 quam
605 2504 768 2559 supra
798 2486 1336 2540 commemoravimus
1377 2487 1519 2541 vitae
1548 2497 1804 2543 externae
1845 2489 2044 2544 misera
2080 2508 2212 2550 con-

288 2575 510 2642 ditione,
553 2574 734 2626 innato
777 2573 931 2645 quasi
959 2573 1120 2626 animi
1149 2572 1342 2646 vigore
1381 2582 1543 2647 atque
1571 2575 1892 2630 ineffrenata
1919 2577 2214 2632 affectuum
2267 2633 2269 2641 ,

288 2661 356 2716 vi.
443 2661 508 2713 In
538 2661 729 2732 quibus
771 2659 899 2712 nihil
931 2659 1114 2732 *magis
1155 2658 1445 2732 perspicue
1487 2661 1737 2730 animum,
1778 2681 2068 2736 moresque
2096 2663 2212 2717 eius

291 2747 567 2814 describit,
613 2764 772 2818 quam
812 2745 960 2818 quod
999 2746 1292 2799 affectuum
1331 2754 1486 2800 aestu
1524 2756 1686 2821 atque
1724 2749 1928 2822 impetu
1958 2750 2212 2825 abreptus

291 2854 414 2890 cum
444 2832 707 2900 Luther0,
752 2832 843 2905 qui
872 2831 1028 2886 simili
1057 2831 1351 2886 affectuum
1378 2833 1539 2888 turba
1569 2845 1887 2902 commotus,
1919 2835 2212 2910 parietibus

289 2939 617 2992 mensaeque
639 2918 1014 2991 inscripserat:
1036 2918 1220 2988 „vivit,
1232 2918 1379 2988 vivit,
1399 2920 1552 2974 vivit!
1567 2920 1614 2990 ’',
1642 2931 1924 2995 comparat
1941 2942 2002 2977 se
2020 2923 2211 2996 ipsum.

293 3005 400 3082 (H.
433 3008 489 3060 S.
523 3007 617 3073 VI,
653 3003 824 3079 122.)
1070 2994 1074 3000 ’

405 3091 519 3145 Sed
569 3091 650 3145 his
693 3091 854 3144 animi
906 3091 1190 3146 affectibus
1240 3090 1728 3148 vehementioribus
1782 3114 1890 3148 non
1936 3093 2102 3148 modo
2153 3114 2214 3150 se

294 3178 579 3253 cognoscit
608 3178 915 3246 obnoxium,
947 3179 1307 3252 convivasque
1336 3179 1588 3253 appellat,
1620 3177 1802 3255 (seine
1817 3177 2213 3237 Tischfreunde

290 3267 396 3335 III,
429 3263 561 3339 69.)
609 3264 699 3335 qui
740 3264 844 3316 sint
883 3264 1136 3332 timendi;
1178 3283 1383 3336 verum,
1427 3285 1534 3340 quo
1574 3285 1755 3322 mores
1795 3266 1909 3319 eius
1940 3266 2214 3340 explicari,

291 3371 490 3426 resque
519 3351 659 3403 inter
687 3369 747 3401 se
778 3348 1097 3404 dissidentes
1127 3351 1356 3407 maxime
1384 3362 1655 3426 nequeant
1676 3351 1965 3421 conciliari,
1994 3362 2217 3426 superat

295 3458 389 3493 eos
419 3436 706 3512 prudentia
737 3442 792 3488 et
819 3435 1190 3510 intelligentia,
1235 3456 1358 3509 qua,
1400 3457 1725 3512 quamquam
1753 3439 1983 3494 maxime
2011 3459 2215 3514 gnarus

294 3535 536 3580 motuum
566 3541 785 3578 suorum
816 3521 1186 3578 vehementiae
1215 3522 1272 3577 id
1301 3524 1436 3598 agit,
1465 3532 1525 3580 ut
1552 3543 1648 3579 eos
1678 3523 1749 3579 ad
1778 3525 1935 3596 viam,
1970 3526 2216 3583 modum-
