2418 3854
1099 230 1181 294 69

181 408 452 465 veteribus
496 405 751 479 sophistis
792 406 1096 462 Homerum
1140 404 1324 477 fuisse,
1367 406 1572 462 fontem
1613 408 1846 475 scilicet,
1892 425 1959 459 ex
2001 423 2109 479 quo

172 495 249 551 'ad
281 496 505 550 abusum
534 493 675 548 adeo
715 493 977 548 hauriens·
1009 494 1247 548 ebriatus
1290 495 1358 549 sit
1395 493 1680 567 εὐκαίρως,
1735 491 1999 567 ἀκαίρως,
2055 500 2112 546 et

142 603 153 608 “
179 582 285 637 alio
316 580 552 654 quodam
581 580 733 635 loco:
761 577 965 655 (Oper.
994 581 1166 635 Ham.·
1189 581 1308 649 ΠΙ,
1340 579 1515 656 398.)
1548 581 1869 653 scripturam
1899 597 2111 632 sacram

178 668 321 724 fame
351 666 585 740 quadam
615 667 806 722 canina
835 666 988 740 quasi
1017 686 1051 721 a
1091 687 1151 721 se
1194 667 1509 722 devoratam
1549 675 1605 721 et
1634 665 1875 740 quotidie
1902 665 2111 719 lectita-

144 750 148 754 ’
179 764 307 823 tam,
353 773 582 826 eamque
610 772 712 827 pro
745 753 1013 824 elemento
1039 762 1102 808 -et
1127 753 1394 808 >alimento
1434 754 1671 808 habitam
1712 773 1847 808 esse.
1934 753 2113 824 Atque

180 843 233 897 iu
261 840 368 895 hoc
399 840 618 913 quidem
645 841 907 895 librorum
938 859 1220 895 sacrorum
1260 840 1524 910 studium,
1567 841 1620 894 in
1660 839 1807 913 quod
1835 837 2116 913 peculiari,

179 947 320 1002 quae
348 928 402 981 in
431 928 550 999 ipso
581 935 729 995 erat,
773 927 934 980 animi
962 927 1249 982 vivacitate
1280 935 1336 982 et
1363 928 1688 981 sublimitate
1718 946 1840 981 sese
1871 924 2114 981 contule-

179 1023 282 1083 rat,
323 1032 548 1087 prorsus
582 1012 846 1067 dissimilis
876 1012 994 1083 illis,
1026 1014 1117 1087 qui
1146 1015 1520 1087 superstitiosa
1550 1013 1784 1088 quadam
1815 1033 1880 1067 ac
1909 1011 2118 1085 reliqua

181 1101 361 1155 omnia
389 1099 740 1172 superciliose
774 1099 1108 1172 despiciente
1138 1102 1444 1156 reverentia
1474 1100 1698 1155 eosdem
1727 1101 1892 1155 libros
1923 1099 2114 1172 legere

182 1194 579 1242 consueverunt
615 1186 778 1241 etiam
817 1194 982 1259 atque
1024 1186 1222 1242 deinde
1262 1189 1338 1243 ita
1367 1188 1638 1256 incubuit,
1689 1185 1830 1262 (Op.
1871 1188 1930 1255 I,
1971 1185 2117 1254 448,

184 1271 361 1349 503.)
402 1282 464 1328 ut
501 1280 673 1329 totam
709 1273 877 1346 ipsius
915 1280 1164 1333 naturam
1201 1275 1265 1328 iis
1297 1275 1448 1348 quasi
1480 1274 1783 1329 demersam
1813 1293 1934 1328 esse
1963 1279 2117 1326 recte

180 1359 381 1416 femina
407 1360 663 1432 princeps
691 1360 976 1433 ingeniosa
1006 1368 1169 1433 atque
1197 1361 1289 1435 pia
1322 1359 1721 1435 (JacobiIV,3,
1739 1359 1869 1437 15.)
1906 1354 2117 1414 dixerit.

299 1446 416 1501 Iam
444 1454 694 1520 tempore
723 1446 970 1520 sequenti
998 1446 1189 1501 sedulo
1234 1449 1469 1517 curavit,
1509 1456 1570 1502 ut
1600 1448 1995 1521 antiquissimos
2026 1465 2118 1500 ec-

184 1533 384 1590 clesiae
412 1542 596 1606 patres
626 1531 884 1606 deinceps
922 1531 994 1587 ad
1031 1534 1274 1588 seculum
1303 1554 1474 1608 usque
1517 1543 1766 1609 quartum
1795 1530 2119 1608 perlegendi

184 1621 353 1676 otium
381 1620 733 1678 nanciscetur*
754 1616 866 1694 (IV
864 1660 882 1688 ,
917 1617 1110 1695 164.).

297 1706 494 1779 Neque
524 1725 650 1760 eum
677 1706 844 1760 libros
875 1706 943 1759 ab
984 1705 1301 1778 'aequalibus
1341 1705 1412 1760 de
1441 1708 1603 1761 rebus
1633 1706 1959 1780 theologicis
1989 1723 2120 1759 con-

184 1793 418 1866 scriptos
460 1791 706 1865 diligenti
742 1791 976 1846 lectione
1004 1791 1260 1866 indignos
1304 1794 1605 1863 censuisse,
1650 1793 1775 1848 ideo
1820 1811 2120 1859 narramuS,

184 1878 333 1954 quod
363 1879 619 1933 inanitate
651 1888 707 1934 et
735 1878 938 1934 vilitate
967 1897 1159 1934 eorum
1201 1880 1536 1953 potissimum
1578 1879 1648 1934 ad
1689 1879 2035 1934 scribendum
2065 1887 2122 1933 et

184 1964 601 2039 repugnandum
652 1966 930 2021 incitatum
984 1986 1046 2020 se
1102 1985 1224 2020 esse
1283 1976 1553 2022 senserat:
1572 1999 1658 2008 --
1687 1966 1885 2022 Fidem
1941 1974 2123 2020 autem

187 2052 548 2110 Christianam
578 2051 744 2107 docet
769 2053 1088 2107 Hamannus
1118 2054 1423 2126 comparari
1463 2073 1560 2123 eo,
1603 2062 1664 2109 ut
1700 2053 1854 2108 Deus
1891 2051 2120 2107 homini-

185 2140 287 2194 bus
328 2147 384 2193 et
421 2139 473 2193 in
514 2158 698 2192 rerum
734 2148 928 2194 natura
968 2148 1025 2193 et
1063 2140 1117 2193 in
1169 2140 1335 2212 ipsius
1376 2141 1545 2194 verbo
1589 2161 1710 2195 sese
1751 2138 2124 2195 manifestasse

187 2224 460 2281 credatur.
548 2225 794 2280 Naturae
834 2226 1149 2299 cognitione
1188 2235 1244 2281 et
1270 2227 1494 2281 historia
1520 2235 1777 2300 tanquam
1805 2226 2122 2281 fundamen-

187 2313 256 2368 tis
284 2312 381 2366 niti
410 2331 594 2366 veram
619 2312 939 2385 religionem
967 2310 1058 2387 (Ι,
1084 2312 1234 2389 55.).
1284 2314 1531 2387 Utraque
1559 2313 1936 2382 manifestatio,
1960 2332 2123 2387 quum

189 2399 293 2459 sibi
320 2398 502 2452 similis
531 2399 626 2467 sit,
672 2418 737 2453 ac
782 2399 1042 2454 alterutra
1085 2398 1156 2453 ad
1185 2400 1500 2454 alterutram
1544 2399 1840 2470 referatur,
1883 2401 2122 2475 philoso-

188 2485 351 2558 phiae
379 2503 543 2540 sanae
574 2505 725 2554 esse,
765 2494 1053 2559 utramque
1080 2505 1189 2539 uno
1220 2506 1406 2541 secum
1436 2488 1648 2542 vinculo
1680 2490 1980 2543 arctissime
2011 2487 2123 2542 col-

188 2572 382 2645 ligare.
437 2571 649 2627 ·Deum
691 2581 872 2627 autem
915 2573 1218 2627 hominibus
1260 2593 1320 2628 se
1364 2573 1736 2630 manifestasse
1778 2576 1991 2630 ratione
2028 2593 2123 2629 na-

190 2667 348 2713 turae
388 2658 629 2730 ipsorum
672 2668 1039 2714 consentanea
1080 2660 1156 2714 ita
1199 2660 1418 2734 quidem
1459 2671 1522 2716 ut
1565 2661 1635 2717 ad
1686 2662 2020 2718 debilitatem
2070 2669 2127 2715 et

193 2743 500 2817 cupidinem
527 2743 813 2805 humanam
842 2745 1213 2816 descenderit,
1255 2756 1463 2803 tantum
1503 2749 1844 2804 nihilominus
1872 2750 2016 2802 vires
2057 2765 2125 2800 eo

192 2840 405 2887 nostras
445 2833 693 2903 superari
735 2830 823 2907 (Ι,
856 2831 1007 2909 63.).
1083 2834 1311 2888 Sacram
1351 2835 1520 2908 igitur
1557 2837 1879 2910 scripturam
1916 2833 2127 2889 nonnisi

191 2937 293 2991 per
321 2918 565 2972 similium
595 2920 1057 2992 comparationem
1087 2921 1558 2978 communefacere
1586 2943 1684 2977 nos
1708 2943 1888 2995 posse,
1915 2928 2126 2994 utpote,

195 3005 287 3077 qui
315 3023 414 3078 per
442 3024 629 3058 sensus
655 3014 864 3060 tantum
894 3014 1316 3080 cognoscamuS,
1361 3010 1529 3082 signis
1559 3008 1942 3081 metaphoricis
1970 3015 2125 3062 uten-

194 3099 278 3166 tes
309 3100 364 3146 et
393 3099 736 3147 externarum
765 3111 948 3147 rerum
990 3093 1254 3166 imagines
1299 3094 1369 3147 ad
1412 3095 1650 3149 internas
1691 3115 1755 3149 ac
1801 3096 1978 3149 animo
2006 3103 2125 3149 tan-

195 3185 309 3232 tum
338 3187 631 3257 conceptas
660 3178 910 3232 notiones
938 3177 1340 3234 transferentes,
1413 3181 1808 3252 Quamobrem,
1839 3201 1978 3256 quae
2005 3181 2126 3233 libri

197 3264 339 3317 sacri
367 3263 603 3332 narrent,
646 3265 944 3338 allegorice
974 3284 1095 3319 esse
1123 3266 1547 3338 interpretanda,
1577 3267 1717 3344 (VI,
1747 3268 1920 3344 123.)
1952 3266 2125 3341 philo-

198 3348 442 3421 sophiam
471 3359 528 3406 et
553 3351 878 3426 scripturam
907 3370 1119 3408 sacram
1146 3352 1422 3407 habendas
1453 3374 1575 3409 esse
1608 3375 1710 3429 pro
1739 3353 2126 3423 ὖποὸοίγμοεσι,

200 3440 392 3501 σκίαις,
424 3445 479 3491 et
501 3434 812 3502 ἀντιτύποις
839 3439 1139 3509 meliorum,
1168 3440 1441 3497 veriorum
1472 3450 1527 3498 et
1546 3443 1899 3515 spiritualium
1927 3456 2124 3495 rerum.

201 3522 358 3583 Quae
386 3522 438 3576 in
481 3539 662 3581 rerum
690 3535 884 3582 natura
927 3535 1252 3600 appareant,
1296 3529 1503 3582 somnia
1545 3548 1664 3583 esse
1706 3537 1761 3583 et
1802 3517 2127 3601 aenigmata,

201 3608 391 3682 quibus
421 3628 548 3669 suus
577 3630 782 3683 sensuS,
810 3614 902 3688 qui
933 3613 1049 3670 erui
1081 3613 1297 3685 debeat,
1341 3634 1548 3690 suaque
1576 3615 1743 3686 notio,
1776 3634 1916 3690 quae
1945 3615 2126 3683 lateat,
