2418 3854
1189 189 1273 250 60

267 369 531 444 losophici
560 368 799 423 moribus
831 366 1232 420 convenIentius
1254 366 1583 441 Atheismi*)
1615 380 1807 426 nomen
1839 368 2199 436 deberssflffi

267 476 492 512 mannus
533 455 734 509 acerba
774 451 1063 505 severitate
1103 472 1230 506 usus
1275 453 1636 521 demonstrat,
1682 472 1747 507 ac
1789 454 2039 528 denique
2071 447 2192 509 irri-

269 543 450 599 d-en'do
481 544 540 597 et'
561 536 901 596 traducendo
931 538 1281 593 Robinetium
1310 541 1355 593 si
1382 540 1436 592 in
1465 538 1585 593 talis
1611 536 1986 613 philosophiae
2023 539 2193 595 docu-

267 625 461 686 mentis
496 624 814 683 exhibendis
852 633 1068 698 pergat,
1111 626 1317 679 somnia
1346 625 1527 698 lepida
1558 625 1789 711 egregie
1822 636 2110 710 aucturum
2141 634 2196 681 et

271 718 615 772 dilataturum
647 731 767 766 esse
796 716 995 784 sperat.

342 800 599 857 Eodem
641 797 853 866 modo,
870 817 978 870 quo
1008 774 1354 851 Hamannum
1385 797 1447 850 ἰιι
1475 797 1930 871 Francogallicae
1957 799 2194 871 pbiloso—

270 891 435 965 phiae
467 886 700 941 asseclas
730 880 1022 938 invectum
1023 901 1152 936 esse
1181 883 1344 955 paulo
1375 892 1501 937 ante
1530 883 1775 954 vidimus,
1805 885 2111 957 superbiam
2141 896 2196 940 et

268 971 889 1045 ridi>culam1sapientiae
928 970 1294 1042 arrogantiam
1339 988 1545 1040 eorum,
1590 971 1708 1044 qui,
1753 971 1995 1045 quamvis
2035 971 2196 1026 deum

270 1061 497 1135 intelligi
527 1079 690 1132 posse
719 1065 1005 1130 negarent,
1035 1055 1197 1109 nihilo
1228 1066 1406 1111 tamen
1439 1058 1611 1111 minus
1642 1057 1711 1111 ad
1742 1058 2085 1131 quaestiones
2116 1058 2195 1112 di*

269 1151 417 1204 vinas
457 1145 743 1201 solvendas
787 1163 820 1196 a
861 1144 1130 1226 communi
1169 1142 1442 1197 hominum
1471 1144 1683 1198 ratione
1724 1145 1978 1198 auxilium
2007 1153 2198 1217 petere

269 1237 383 1291 ausi
414 1242 584 1302 erant,
630 1232 828 1305 quique
855 1230 1114 1283 Berolini
1127 1230 1463 1302 potissimum
1492 1231 1816 1285 auctoritate
1844 1223 2080 1286 virorum
2106 1245 2198 1285 ce-

267 1322 516 1395 teroquin
557 1317 1030 1393 gravissimorum
1027 1315 1184 1385 freti,
1228 1317 1431 1405 amplas
1471 1317 1632 1371 sedes
1662 1327 1925 1390 ceperant
1963 1326 2020 1372 et
2040 1318 2206 1402 quasi

270 1419 450 1465 castra
479 1414 793 1480 posuerant,
837 1404 904 1457 ab
937 1422 1004 1457 eo
1037 1403 1333 1477 castigatos
1366 1400 1422 1457 et
1448 1404 1634 1457 irrisos
1661 1422 1787 1458 esse
1819 1403 2200 1458 animadverti-

267 1516 402 1551 mus,
488 1495 607 1548 Iam
647 1511 757 1546 non
806 1490 1032 1563 amplius
1061 1489 1509 1544 Mendelsohnum
1554 1490 1745 1559 solum,
1788 1490 1916 1546 licet
1953 1490 2042 1545 hic
2081 1491 2201 1564 ipse

268 1593 524 1656 tanquam
563 1578 783 1634 scholae
826 1585 991 1651 caput
1031 1575 1376 1650 dignissimus
1419 1578 1470 1631 ei
1499 1577 1642 1631 visus
1685 1586 1847 1647 esset,
1892 1578 1983 1651 qui
2012 1568 2202 1651 copio-⁸

273 1666 760 1734 siusrefutaretur,
789 1663 889 1719 sed
917 1663 1299 1719 Berolinenses
1328 1664 1382 1718 in
1406 1665 1716 1718 universum
1737 1654 2203 1719 adversariossibi

274 1758 536 1829 elegerat,
566 1771 702 1827 quos
733 1758 791 1805 et
816 1750 1174 1805 ulcisceretur
1204 1747 1449 1824 (Jacobii
1480 1770 1631 1823 oper.
1661 1759 1790 1806 tom.
1811 1751 1905 1819 IV,
1937 1751 1994 1820 3,
2024 1743 2206 1825 143.)

273 1852 329 1899 et
363 1841 550 1896 fucum
589 1839 902 1912 opinionum
939 1836 1129 1891 illitum
1168 1837 1536 1911 abstergendo
1579 1848 1742 1911 atque
1781 1845 2075 1910 arrogatae
2113 1848 2206 1891 sa-¹²

270 1930 506 2005 pientiae
536 1926 755 2000 pallium
794 1923 1132 1978 detrahendo
1175 1924 1270 1997 qui
1296 1925 1589 1997 quantique
1619 1923 1975 1994 essentnudi,
2019 1931 2200 1978 osten—

271 2018 445 2072 deret.
493 2013 655 2089 (ibid.
682 2032 735 2086 p.
771 2009 945 2087 191.)
1012 2011 1180 2065 Cuius
1213 2028 1350 2084 erga
1378 2011 1760 2065 Berolinenses
1791 2010 1902 2066 odii
1931 2028 2202 2064 memores

270 2103 648 2160 Hamanniana
701 2099 903 2171 scripta
953 2097 1122 2151 multo
1164 2097 1352 2151 melius
1401 2097 1796 2171 intelligemus;
1849 2113 2202 2171 quoscunque

272 2190 594 2246 enim‘locos
625 2204 957 2254 communeS,
988 2184 1179 2258 quibus
1210 2185 1296 2238 isti
1325 2184 1569 2238 homines
1601 2204 1720 2238 cum
1751 2186 1805 2238 in
1845 2203 1907 2238 re
1945 2183 2200 2252 literaria,

268 2288 382 2334 tum
412 2278 466 2332 in
495 2274 762 2347 religione
791 2272 1087 2345 praecipue
1117 2270 1198 2324 usi
1228 2271 1350 2340 sint,
1396 2271 1861 2341 convulsurum'et
1887 2254 2202 2326 eversurum

269 2386 329 2420 se
360 2384 481 2419 esse
511 2360 693 2437 ait**).
726 2357 887 2434 (ibid.
918 2379 970 2432 p.
1007 2357 1180 2433 145.)
1226 2359 1348 2412 Nec
1377 2377 1485 2412 non
1514 2359 1788 2413 Hamanni
1816 2356 2050 2412 studium
2083 2351 2198 2426 eos,

271 2453 361 2527 qui
391 2470 514 2506 cum
544 2449 643 2502 illis
675 2444 964 2519 conjuncti,
1007 2453 1123 2499 tum
1153 2445 1369 2513 simileS,
1412 2453 1527 2498 tum
1571 2445 1792 2503 easdem
1822 2444 2104 2517 opiniones
2133 2461 2200 2498 ac

269 2538 534 2613 principia
578 2535 692 2588 aliis
722 2543 944 2606 praeter
970 2531 1286 2586 Berolinum
1330 2532 1463 2585 locis
1493 2531 2203 2604 amplectebanturimpug-

269 2625 432 2680 nandi
473 2642 539 2677 ex
583 2621 779 2675 eodem
817 2618 966 2673 fonte
1005 2619 1330 2691 profluxisse
1379 2627 1799 2672 consentaneum
1849 2626 1947 2673 est.
2048 2618 2202 2679 Quos

272 2731 458 2767 omnes
490 2727 714 2777 summa,
761 2726 901 2779 quae
930 2694 1032 2778 ipsi
1061 2706 1403 2778 suppetebat,
1449 2705 1746 2760 acerbitate
1776 2705 2062 2778 vituperat,
2106 2723 2200 2758 ve-

268 2800 382 2868 luti,
408 2805 487 2869 ’ut
515 2796 670 2850 unius
700 2813 834 2866 prae
863 2792 1082 2866 reliquis
1114 2791 1360 2864 exemplo
1403 2799 1524 2845 utar
1550 2785 1931 2845 Eberhardum
1969 2798 2203 2864 propter

270 2885 583 2959 apologiam
620 2881 864 2936 Socratis
903 2880 971 2932 ab
1015 2898 1082 2932 eo
1125 2877 1303 2932 denuo
1348 2879 1725 2951 conscriptam.
1812 2876 1996 2954 (Vide
2032 2879 2196 2932 Ham.

271 2975 376 3046 Op.
407 2981 444 3027 t.
474 2971 568 3039 IV,
601 2965 950 3042 99—114.)
2018 2981 2023 2988 ·

385 3059 646 3112 Ceterum
676 3053 936 3128 singulari
965 3051 1202 3125 quodam
1233 3072 1298 3106 ac
1339 3052 1476 3106 miro
1518 3051 1683 3105 modo
1728 3049 1991 3106 eiusmodi
2028 3049 2199 3121 inipe—

266 3155 353 3201 tus
382 3144 634 3209 instituit3
679 3141 877 3195 etenim
907 3159 1069 3214 quum
1100 3158 1208 3192 non
1237 3139 1291 3192 in
1320 3147 1664 3212 praesentem
1704 3132 2069 3192 adversarium
2099 3135 2198 3188 sed

267 3231 581 3287 intertium
622 3229 903 3281 absentem
943 3226 1314 3280 vehementius
1352 3245 1412 3280 se
1453 3226 1765 3280 invasurum·
1798 3221 2197 3289 esse2simulet,

381 3387 425 3436 *)
456 3387 510 3426 H.
542 3397 595 3438 e.,
624 3387 674 3422 ut
692 3383 941 3421 Hamannus
970 3382 1170 3433 loquitur,
1204 3382 1273 3420 ein
1305 3381 1426 3421 eitles
1447 3382 1637 3439 Nichts,
1643 3381 1720 3419 das
1741 3379 1783 3417 in
1805 3379 1946 3418 seiner
1966 3378 2198 3418 Abscheu-

269 3461 444 3500 lichkeit
473 3470 555 3498 nur
585 3456 703 3496 nicht
732 3455 915 3494 erkannt
944 3455 1108 3492 werde.

381 3532 471 3581 *ἢ
488 3530 629 3570 Utitur
670 3528 877 3568 dictione.
917 3526 1023 3579 „mit
1044 3526 1204 3565 ·seinen
1235 3526 1412 3566 Krallen
1449 3519 1719 3576 erreichen,“
1761 3524 1875 3563 unde
1907 3527 2064 3572 quanto
2095 3528 2200 3575 erga

264 3604 362 3644 illos
393 3605 489 3644 odio
522 3602 664 3656 fuerit,
697 3601 887 3655 colligas.
