2418 3854
1142 187 1224 249 33

218 386 413 424 unsere
441 364 821 422 Bibliotheken
859 365 912 419 in
950 364 1139 419 Brand
1181 384 1247 418 zu
1286 365 1526 433 stecken,
1571 363 1672 421 wie
1712 363 1800 418 die
1839 365 2139 421 Holliinder

218 455 315 509 das
348 455 610 508 Gewiirz*
618 451 662 527 ).

333 541 471 602 Quin
516 539 655 592 adeo
703 537 894 592 eadem
933 556 1052 597 esse
1090 544 1351 591 tentatam
1392 536 1724 609 disciplinam
1765 535 2139 612 educandique

216 628 478 682 rationem
509 645 733 698 quarum
773 624 1065 678 auctoritas
1110 633 1166 678 et
1207 623 1440 696 dignitas
1483 624 1699 678 minime
1740 625 2138 680 excusationem

217 713 523 780 admittant,
568 731 673 785 qua
701 712 779 765 uti
808 711 1212 777 consueverint,
1255 711 1346 782 qui
1387 710 1436 764 in
1467 712 1756 782 superficie
1782 718 1988 765 tantum
2021 731 2138 766 ver-

215 807 419 866 sentur,
459 817 637 871 neque
671 798 724 851 in
755 815 871 851 rem
899 798 1070 870 ipsam
1097 796 1428 870 inquirentes
1457 797 1734 850 notionum
1763 798 2030 871 originem
2059 799 2139 852 in-

214 886 502 959 vestigent,
546 903 770 958 quarum
801 903 868 938 ex
895 881 1247 952 formatione,
1290 902 1451 956 quum
1481 883 1633 937 notio
1663 884 1815 957 quasi
1853 883 2140 959 singularis

214 972 432 1047 quidem
475 980 635 1043 atque
705 970 980 1025 absolutus
1022 979 1208 1043 partus
1251 989 1372 1024 esse
1414 968 1692 1039 videatur,
1747 989 2022 1041 normam,
2066 971 2139 1026 ad

214 1078 375 1133 quam
406 1077 558 1112 mens
590 1056 752 1130 dirigi
780 1056 978 1130 possit,
1022 1057 1426 1125 nanciscantur,
1471 1075 1640 1129 opera
1683 1065 1841 1111 antea
1882 1057 2035 1128 data,
2078 1066 2140 1114 ut

212 1146 340 1200 vitia
370 1143 635 1218 quaedam
663 1140 781 1197 fere
811 1144 1009 1211 innata,
1051 1144 1279 1197 inertiae
1312 1143 1386 1196 xis
1417 1162 1481 1197 ae
1510 1143 1763 1216 superbia
1792 1163 2138 1201 removeren-

211 1242 318 1301 tur,
359 1250 501 1304 quae
529 1230 935 1286 Hamannianus
965 1229 1224 1284 Socrates
1268 1239 1328 1284 ut
1366 1238 1662 1284 statuarum
1691 1229 1885 1285 artifex
1916 1231 2138 1287 decide-

211 1327 299 1374 ret
326 1327 489 1391 atque
520 1316 888 1389 desculperet,
931 1324 991 1370 ut
1029 1316 1276 1390 imaginis
1306 1314 1534 1370 formam
1562 1316 1841 1389 pulchram
1885 1336 1951 1373 ac
1978 1338 2138 1392 prae-

213 1405 413 1460 claram
470 1403 745 1458 redderet.
847 1404 1031 1464 Quare
1083 1403 1189 1457 hoc
1245 1403 1474 1456 maxime
1526 1403 1880 1458 Athenienses
1922 1405 2139 1460 Socrati

213 1491 420 1546 crimini
449 1499 752 1558 verterunt,
798 1487 1025 1563 (Erster
1051 1489 1333 1551 Abschnitt
1362 1490 1419 1543 S.
1454 1491 1553 1558 20,
1585 1489 1715 1565 21.)
1762 1490 1908 1564 quod
1937 1491 2021 1546 his
2050 1511 2137 1546 ar-

209 1579 350 1632 tibus
372 1576 710 1650 juventutem
740 1576 1113 1630 debilitaverit.
1203 1575 1414 1637 Quodsi
1443 1584 1595 1631 recte
1621 1578 1895 1632 Hamanni
1924 1587 2140 1632 senten-

208 1647 338 1719 tiam
367 1664 739 1736 percepimuS,
781 1662 995 1723 subiicit
1033 1662 1158 1730 inis,
1204 1681 1343 1735 quae
1372 1662 1538 1715 modo
1583 1665 2140 1733 commemoravimus,

207 1770 351 1804 nova
387 1750 524 1803 haec
569 1748 787 1822 quidem
829 1757 884 1802 et
922 1747 1067 1802 haud
1110 1747 1451 1821 spernenda:
1495 1747 1668 1803 videri
1709 1750 1808 1803 sibi
1854 1751 2139 1806 Socratem

207 1857 336 1891 vere
377 1854 481 1890 nec
524 1854 624 1909 per
665 1835 893 1889 ironiam
937 1855 997 1889 se
1040 1835 1171 1889 nihil
1212 1835 1354 1889 scire
1406 1832 1727 1912 affirmando
1782 1838 2139 1893 commovisse

208 1923 602 1992 adolescenteS,
642 1930 704 1976 ut
733 1921 1228 1994 contemplarentur
1254 1942 1314 1976 se
1345 1922 1522 1994 ipsos,
1566 1922 1916 1996 redirentque
1946 1924 2019 1979 ad
2043 1944 2139 1979 co-

209 2007 579 2084 gnoscendam
608 2009 803 2063 suimet
842 2008 1082 2080 ipsorum
1111 2017 1386 2076 naturam,
1415 2010 1657 2063 ,maxime
1686 2029 1817 2064 vero
1849 2030 1947 2079 eo,
1992 2010 2140 2085 quod

207 2095 675 2170 ipse-cupiditates
706 2095 857 2168 quasi
885 2095 1092 2148 innatas
1122 2094 1719 2163 removere'studuerit,
1742 2097 1924 2170 itaque
1947 2117 2139 2152 eorum

208 2191 445 2238 mentem
475 2191 636 2255 atque
666 2182 900 2235 animum
932 2181 1183 2249 vinculis,
1221 2181 1410 2254 quibus
1443 2182 1688 2237 obstricti
1715 2191 2047 2254 tenerentur,
2072 2186 2139 2241 li·

206 2269 505 2336 beraverit,
557 2268 760 2323 civibus
803 2268 1215 2322 Atheniensibus
1271 2266 1556 2340 profuisse,
1595 2270 1834 2330 --·Qua
1875 2271 1928 2325 in
1974 2291 2036 2326 re
2079 2282 2138 2327 ut

206 2357 375 2425 bene,
421 2355 552 2428 quid
580 2374 767 2409 verum
798 2362 969 2423 esset,
1012 2355 1317 2427 perspexit,
1360 2356 1434 2409 ita
1464 2355 1516 2409 in
1554 2355 1650 2424 iis,
1696 2376 1835 2429 quae
1866 2356 1936 2412 de
1964 2365 2139 2413 semet

207 2444 324 2516 ipso
355 2440 565 2515 profert
601 2444 944 2510 HamannuS,
990 2461 1238 2514 quaeque
1276 2442 1563 2496 maximam
1607 2436 1776 2497 huius
1806 2446 1986 2516 operis
2018 2444 2135 2500 effi—

213 2530 361 2584 ciunt
385 2536 622 2600 partem,
664 2529 916 2582 Persium
956 2528 1009 2582 in
1039 2529 1204 2582 satira
1248 2538 1437 2602 quarta
1480 2529 1712 2583 imitatus
1757 2550 1877 2585 esse
1908 2532 2136 2602 videtur,

205 2615 264 2670 id
300 2614 446 2688 quod
485 2616 602 2688 ipse
646 2616 985 2689 significans:
1032 2612 1198 2689 (VII,
1243 2614 1417 2690 ⁶213.)
1465 2616 1677 2683 „Nicht
1717 2637 1820 2671 nur
1847 2618 2135 2688 Persius,“

135 2715 142 2722 ‘
207 2703 405 2775 inquit,
462 2701 746 2770 „sondern
791 2703 930 2756 auch
971 2702 1180 2756 Petron
1224 2701 1342 2756 sind
1386 2704 1561 2757 meine
1605 2712 1784 2758 ersten
1827 2704 2136 2780 Lieblingsa

207 2798 431 2843 autoren
463 2807 731 2861 gewesen.
808 2787 974 2865 (VII,
1008 2788 1138 2862 74.)
1181 2789 1405 2844 Persius
1445 2789 1802 2851 undPetron
1840 2811 2015 2847 waren
2047 2794 2138 2847 die

209 2883 390 2929 ersten
417 2874 747 2928 klassischen
777 2875 1034 2944 Quellen,
1080 2875 1171 2930 die
1210 2876 1298 2931 ich
1327 2878 1424 2931 mit
1450 2877 1623 2931 Durst
1650 2877 1760 2931 und
1792 2879 2137 2935 Geschmack

294 3132 340 3181 *J
378 3132 542 3171 Locum
586 3132 703 3170 hune
741 3131 896 3181 optime
934 3131 1210 3181 interpretari
1252 3129 1305 3171 G.
1337 3130 1536 3171 Muelleri
1573 3132 1707 3171 verba
1743 3133 1945 3173 ridentur
1981 3136 2139 3178 haecce

210 3204 294 3255 Die
323 3205 467 3245 vielen
507 3205 717 3245 hunderte
754 3214 844 3242 von
886 3204 1242 3256 Schriftstellern,
1281 3203 1414 3243 deren
1452 3204 1665 3243 Schriften
1704 3205 1745 3243 in
1785 3207 1861 3245 der
1897 3207 2137 3247 Bibliothek

211 3286 300 3315 von
329 3277 592 3326 Alexandria
619 3287 719 3316 vom
748 3274 921 3315 Kalifen
953 3275 1080 3316 Omar
1108 3275 1340 3314 verbrannt
1377 3277 1559 3315 worden
1591 3277 1683 3315 sein
1726 3278 1883 3331 sollen,
1922 3280 2139 3319 vielleicht

211 3347 328 3387 nicht
357 3357 404 3387 so
434 3351 535 3389 sehr
564 3357 660 3388 zum
691 3347 890 3388 Schaden
920 3345 999 3387 der
1023 3347 1308 3401 Menschheit‚
1340 3349 1405 3388 als·
1434 3356 1481 3388 es
1512 3350 1691 3403 scheint,
1725 3352 1778 3390 da
1808 3351 1899 3390 sich
1931 3352 2138 3391 schwer-:

212 3417 298 3457 lien
330 3418 429 3458 eine
453 3428 564 3460 neue
583 3421 823 3461 Litteratur·
846 3421 968 3460 hatto
991 3417 1138 3460 huden
1167 3414 1355 3473 konnen,
1386 3431 1521 3462 wem}
1538 3418 1657 3461 diese
1688 3423 1980 3462 erdriickende
1992 3421 2140 3464 Masso

212 3500 301 3530 von
327 3490 529 3531 Bilchern
557 3502 636 3533 aus
667 3494 763 3534 dem
791 3493 1038 3537 Alterthum
1066 3491 1434 3546 heriibergerettet
1462 3494 1642 3533 worden
1671 3495 1804 3534 ware.

973 3563 1255 3614 (Geschichte
1288 3566 1328 3606 d.
1359 3566 1521 3618 griech.
1551 3565 1633 3604 Lit.
1663 3565 1741 3605 Bd.
1769 3566 1801 3605 Ι.
1831 3565 2025 3616 Einleit.)

1592 3654 1638 3724 x3
