2418 3854
1144 174 1224 236 23

222 364 683 426 respuenS,-=quae
716 349 988 404 Hamanni
1028 349 1298 419 conditio,
1341 359 1402 405 ut
1440 349 1666 405 ridicula
1706 346 1823 403 fere
1864 355 2143 420 appareat,

221 439 289 492 ab
318 437 558 512 Hegelio
593 434 659 511 (l.
689 436 756 515 l.)
788 438 864 492 ita
891 435 1164 491 iudicante
1193 436 1544 492 describitur:

387 515 488 594 „In
519 523 702 578 dieser
730 523 906 592 stadt,
935 532 1060 597 sagt
1089 542 1174 593 er,
1216 523 1340 587 dass
1372 543 1433 577 er
1461 523 1591 577 alles
1625 520 2139 590 Gliick,-Bekannte

301 610 412 667 und
440 611 699 665 Freunde
738 610 877 665 nach
916 610 1121 664 seinem
1150 610 1357 664 Stande
1389 609 1507 664 und
1538 609 1893 664 Gemiithsart
1931 626 1999 661 zu
2039 607 2138 659 fin·

302 696 435 766 den,
480 696 690 752 worauf
726 716 787 752 er
827 706 980 751 sonst
1017 716 1078 751 so
1121 697 1256 751 stolz
1297 709 1564 771 gewesen'
1591 697 1700 763 sei,
1746 693 2021 759 verloren3
2076 712 2139 746 so

243 780 249 786 ’
299 783 425 838 dass
456 803 517 839 er
545 785 784 858 glaubte‚
812 783 952 838 'dass
982 784 1096 838 sich
1124 784 1453 839 Jedermann
1490 802 1593 836 vor
1620 782 1729 836 ihm
1759 782 1983 836 scheute
2028 778 2138 833 und

299 890 362 925 er
389 872 556 926 selbst
583 871 807 937 scheute
834 870 1037 938 Jeden3
1081 891 1185 926 von
1219 869 1378 945 jener
1417 868 1700 925 einfachen
1728 866 2047 940 Erfahrung
2085 866 2140 921 in

299 958 451 1011 einer
479 978 619 1031 ganz
649 956 894 1012 fremden
925 957 1326 1012 hollandischen
1357 957 1534 1026 Stadt,
1578 957 1734 1013 weiss
1776 974 1837 1009 er
1866 953 1981 1008 sic-h
2021 953 2138 1006 kei-

298 1063 400 1122 nen
431 1044 634 1098 andern
667 1043 860 1098 Grund
890 1046 1225 1118 anzugeben,
1256 1046 1331 1099 als
1363 1046 1487 1099 dass
1512 1045 1710 1098 Gottes
1731 1041 1900 1096 Hand
1931 1039 2141 1095 schwer

294 1132 435 1184 iiber
461 1131 570 1184 ihm
600 1150 853 1204 gewesen
887 1136 1027 1186 ete.“

209 1216 399 1290 parum
440 1218 702 1291 respectis
716 1259 732 1286 ,
777 1218 997 1290 opinor,
1040 1218 1134 1286 iis,
1191 1237 1331 1291 quae
1369 1218 1687 1271 Hamannus
1739 1216 1857 1288 ipse
1899 1214 1951 1267 in
2000 1213 2139 1268 vitae

210 1304 553 1358 enarratione
596 1301 935 1379 (Gedanken
974 1305 1113 1358 iiber
1140 1306 1352 1359 meinen
1382 1301 1718 1358 Lebenslauf
1755 1303 1787 1357 l.
1819 1301 1887 1375 l.)
1933 1298 2002 1355 ad
2046 1318 2138 1353 ex-

207 1389 511 1463 plicandam
551 1391 713 1445 animi
751 1391 1094 1445 solitudinem
1133 1399 1297 1465 atque
1336 1391 1800 1464 perturbationem
1842 1387 2002 1454 dicit,
2044 1405 2137 1439 ne-

206 1477 375 1531 scisse
404 1492 482 1547 se,
513 1486 690 1534 utrum
719 1487 1079 1532 mercaturam
1109 1498 1176 1533 an
1218 1479 1403 1533 literas
1443 1485 1746 1551 appeteret,
1777 1476 1969 1549 quibus
1999 1473 2138 1528 haec

206 1562 448 1619 subiicit:

374 1649 510 1719 „Ich
538 1658 669 1724 trug
696 1651 890 1704 immer
919 1650 1023 1719 den
1053 1648 1310 1706 Vorwurf
1333 1669 1519 1724 gegen
1549 1650 1693 1703 mich
1723 1648 1891 1702 selbst
1928 1647 2138 1714 herum,

238 1776 263 1785 ..
291 1736 417 1790 dass
444 1736 537 1790 ich
573 1755 640 1791 an
671 1737 900 1791 meinem
923 1736 1169 1812 jetzigen
1199 1736 1455 1794 Wechsel
1493 1737 1643 1792 nicht
1671 1735 1812 1791 wohl
1842 1732 2140 1808 gehandelt

288 1823 492 1879 hiittef‘
963 1828 965 1830 ’

317 1911 466 1964 Huic
494 1909 854 1979 haesitationi,
899 1930 1006 1983 qua
1049 1909 1242 1966 dubius
1271 1911 1592 1979 iactabatur,
1637 1911 1803 1983 quum
1830 1906 2056 1981 propria
2084 1905 2137 1959 vi

205 1996 397 2050 mentis
426 1997 694 2069 imperare
723 2016 831 2050 non
861 2005 1076 2069 posset,
1106 1997 1374 2052 medelam
1403 1997 1624 2052 tandem
1663 1996 1865 2051 invenit
1902 1995 1956 2048 in
1986 1991 2136 2047 libris

205 2083 391 2152 sacris,
435 2102 570 2156 quos
602 2083 945 2156 cupidissime
975 2085 1217 2157 arripuit,
1263 2092 1620 2158 arreptosque
1658 2082 1912 2156 perlegit,
2002 2080 2136 2142 Qui-

204 2170 304 2223 bus
334 2169 644 2224 evolvendis
686 2169 1043 2243 legendisque
1083 2172 1529 2243 occupatissimus
1571 2191 1636 2224 ac
1665 2167 1783 2224 fere
1811 2177 1958 2223 totus
1988 2169 2042 2222 in
2071 2166 2137 2220 iis

202 2254 328 2324 fuit,
373 2265 434 2310 ut
469 2258 684 2310 omnino
727 2276 816 2311 res
859 2267 1108 2312 externas
1149 2258 1462 2332 negligeret
1511 2277 1576 2313 ac
1615 2266 1762 2313 totus
1806 2274 1873 2310 ex
1914 2274 1975 2309 se
2013 2255 2134 2326 ipso

202 2351 358 2415 aptus
398 2353 558 2407 esset,
603 2344 819 2398 reiectis
858 2344 941 2398 vel
983 2345 1064 2412 iis,
1111 2364 1250 2417 quae
1292 2364 1474 2399 rerum
1511 2344 1865 2399 humanarum
1905 2341 2133 2415 imperio

203 2430 506 2502 obse—quens
532 2430 762 2485 honeste
790 2429 975 2485 facere
1006 2432 1287 2504 potuisset.
1374 2432 1439 2486 In
1467 2430 1571 2486 hac
1596 2429 1899 2486 solitudine
1938 2436 2133 2502 sponte
2205 2462 2209 2467 ·

203 2524 419 2588 captata
460 2536 789 2590 recuperare
829 2517 1035 2572 studuit
1067 2519 1214 2579 ⁴vires
1257 2527 1449 2573 contra
1491 2537 1710 2573 errores
1740 2536 1867 2572 suos
1899 2524 1955 2570 et
1983 2516 2131 2569 infir-—

202 2603 432 2669 mitateS,
477 2623 705 2676 quorum
734 2605 1163 2678 magnitudinem
1206 2605 1324 2680 ipse
1367 2605 1715 2660 acerbissime
1756 2624 1825 2659 ac
1852 2596 2133 2657 verissime

201 2690 276 2743 ita
306 2691 542 2762 exponit,
584 2699 644 2744 ut
685 2692 933 2748 confiteri
977 2712 1084 2746 non
1127 2688 1354 2761 dubitet,
1399 2693 1594 2747 malam
1624 2692 1725 2746 sibi
1754 2711 1862 2746 non
1895 2687 2133 2744 defuisse

204 2775 546 2839 voluntatem,
592 2797 697 2849 qua
734 2779 788 2845 in
830 2779 1108 2848 maiorem,
1154 2799 1316 2852 quam
1347 2799 1452 2853 qua
1481 2787 1843 2852 premeretur,
1887 2778 2131 2832 incurre-

201 2871 285 2918 ret
326 2864 611 2917 miseriam.
700 2865 932 2918 Causam
975 2885 1105 2919 vero
1146 2867 1369 2920 istarum
1413 2867 1831 2939 perversitatum
1864 2862 2130 2919 conditior

201 2950 389 3021 nisque
419 2969 519 3021 per
550 2950 693 3003 varia
723 2952 849 3007 vitia
879 2951 950 3006 ad
981 2952 1418 3025 desperationem
1449 2953 1766 3008 adducentis
1800 2953 1853 3004 in
1885 2969 1953 3005 eo
1984 2949 2130 3022 posi—

143 3060 146 3061 ’
198 3045 308 3091 tam
330 3056 460 3090 resse
490 3045 659 3109 putat,
691 3037 837 3110 quod
868 3038 957 3093 dei
987 3039 1394 3112 divinarumque
1426 3060 1607 3094 rerum
1633 3038 2000 3111 cognitionem
2032 3035 2128 3089 ad-

202 3121 305 3177 huc
336 3123 662 3196 neglexerit;
708 3124 778 3178 ad
809 3145 969 3197 quem
999 3145 1174 3198 aeque
1205 3134 1368 3198 atque
1412 3125 1482 3179 ad
1512 3126 1795 3180 veritatem
1834 3132 1894 3178 ut
1922 3122 2129 3179 rediret

203 3209 377 3271 animo
406 3210 738 3282 poenitentia
780 3213 1012 3266 contrito
1056 3221 1280 3266 externa
1312 3200 1382 3266 'se
1416 3221 1744 3267 commotum
1777 3231 1898 3266 esse
1940 3209 2126 3265 condi-

200 3294 348 3349 tione
378 3297 466 3353 ait.
541 3297 717 3371 Capto
748 3296 1108 3352 hocconsilio
1140 3306 1292 3353 certo
1322 3299 1503 3354 statim
1533 3298 1774 3368 confidit,
1817 3298 1980 3352 deum
2010 3295 2127 3369 opi-

202 3376 490 3437 tulaturum
519 3384 620 3438 sibi
650 3404 771 3439 esse
801 3385 997 3440 auxilio
1027 3393 1284 3460 tanquam
1313 3386 1512 3445 oblato.
1588 3385 1753 3448 Quod
1783 3385 2001 3458 quidem
2031 3401 2126 3440 au-

201 3466 382 3520 xilium
412 3487 534 3522 cum
565 3490 631 3525 ex
659 3491 841 3527 rerum
869 3477 1077 3543 natura,
1106 3482 1222 3528 tum
1252 3494 1320 3528 ex
1352 3475 1527 3529 verbis
1558 3473 1648 3529 dei
1678 3475 1730 3527 in
1762 3471 1908 3526 libris
1938 3469 2125 3537 sacriS,

202 3553 293 3625 qui
326 3563 600 3624 vocantur,
631 3559 874 3615 exhibitis
905 3579 1173 3634 apparere
1203 3562 1471 3636 opinatur,
1516 3580 1684 3634 quare
1713 3578 1868 3616 suum
1899 3576 2038 3628 esse,
2066 3562 2128 3613 ut
