2418 3854
1137 171 1216 231 25

218 368 407 411 norma
435 367 542 403 non
572 348 657 416 sit,
701 346 772 401 ad
801 366 962 420 quam
989 365 1176 401 verum
1219 348 1485 421 exigatur.
1528 372 1612 390 ⁶-
1669 347 1828 403 Unde
1874 349 2143 422 originem

220 438 372 493 duxit
411 436 573 490 etiam
608 435 746 490 haec
787 434 890 489 alia
933 452 1105 508 eaque
1146 430 1281 486 falsa
1311 434 1606 507 Schlegelii
1637 435 1846 507 opinio:
1891 436 1981 508 qui
2011 454 2142 490 vere

217 521 565 599 philosophus
595 522 679 590 sit,
723 520 930 589 eumxid
958 519 1349 588 tantummode,
1394 520 1542 594 quod
1571 540 1759 576 verum
1788 521 1871 589 sit,
1917 541 2037 575 eam
2068 522 2138 576 ob

220 629 440 668 causam
481 627 763 681 quaerere,
808 616 865 662 ut
905 607 1006 661 sibi
1045 606 1148 679 ipsi
1186 607 1271 660 vel
1302 607 1468 679 quieti
1497 609 1577 661 sui
1615 609 1779 681 ipsius
1821 605 2143 675 satisfaciat3

218 699 466 769 viamque
495 714 661 768 porro
692 693 997 767 philosophi
1025 693 1249 747 arduam
1279 691 1349 747 ad
1378 691 1582 748 fontem
1611 694 1857 764 tendere,
1898 714 2005 768 qua
2032 713 2143 748 non

220 784 415 857 cuique
457 800 773 837 concessum
812 782 897 850 sit,
939 798 1178 853 pergere
1219 787 1286 843 et,
1315 780 1665 836 contendere.
1752 782 1854 837 Vix
1889 800 2143 836 necessa-

218 871 359 925 rium
388 870 439 922 in
466 867 610 923 hunc
639 867 861 922 modum
893 866 962 921 de
993 867 1239 921 absoluta
1267 867 1478 921 ratione
1509 866 1688 941 deque
1726 868 2005 923 inaccessa
2047 865 2146 943 (οὗ

219 954 491 1012 πάντεσσι
530 953 691 1026 βατός
740 954 938 1009 dicitur
989 954 1218 1008 Graecis
1267 953 1619 1027 Thucydides
1670 974 1829 1028 quem
1883 954 2147 1029 perpauci

220 1042 428 1117 possint
466 1040 803 1116 intelligere)
845 1041 1103 1109 veritate,
1161 1059 1321 1114 quam
1359 1040 1572 1114 plurimi
1622 1061 1730 1095 non
1772 1050 2146 1115 assequantur,

222 1149 346 1185 cum
384 1128 623 1182 veritatis
662 1127 1070 1200 intelligentiam
1111 1135 1166 1181 et
1205 1128 1473 1181 internum
1513 1148 1635 1183 cum
1677 1128 1985 1183 Christiana
2035 1128 2147 1183 fide

219 1234 418 1271 nexum
467 1215 712 1268 omnibus
767 1232 1103 1268 communem
1154 1214 1425 1288 explicare
1490 1215 1863 1288 philosophiae
1913 1223 2148 1271 tantum-

221 1300 388 1358 modo
434 1320 555 1356 esse
596 1300 823 1370 debeat,
877 1300 1206 1358 iudicantem
1238 1298 1495 1355 ‘refellere
1535 1301 1773 1371 videtur,
1825 1303 2149 1376 praesertim

223 1408 348 1444 cum
376 1388 635 1462 perpauci
667 1388 782 1442 eius
812 1388 1110 1442 sententiae
1141 1389 1514 1442 assentiantur.
1601 1390 1811 1445 Tamen
1840 1389 1987 1445 haud
2017 1389 2149 1443 alie-

221 1495 351 1530 num
391 1475 495 1529 erit
536 1474 793 1544 attulisse,
838 1494 979 1548 quae
1019 1474 1090 1530 de
1127 1474 1230 1528 hac
1272 1493 1334 1529 re
1362 1475 1532 1548 sripta
1560 1484 1684 1530 sunt
1725 1496 1758 1530 a
1788 1476 2150 1550 Schellingio:

226 1560 310 1638 (v.
342 1560 662 1634 Schelling’s
691 1561 882 1634 philos,
914 1558 1131 1616 schrift.
1174 1561 1370 1616 Erster
1395 1561 1554 1616 Band
1586 1563 1643 1617 S.
1678 1561 1854 1639 205.)
1886 1562 2150 1632 „Gerade

225 1649 316 1703 die
345 1647 593 1722 gesunde
618 1647 985 1721 Philosophie,
1005 1647 1087 1718 ⁴da
1114 1648 1193 1701 sie
1222 1648 1371 1702 nicht
1400 1647 1501 1704 der
1516 1648 1734 1718 Schule,
1764 1649 2000 1706 sondern
2024 1649 2150 1704 dem

223 1733 517 1791 Menschen
562 1733 878 1807 angehiiren
918 1733 1044 1803 soll,
1096 1753 1242 1789 muss
1281 1733 1421 1791 auch
1462 1734 1516 1788 in
1547 1732 1713 1808 jeder
1749 1736 2151 1792 menschlichen

225 1820 472 1897 Sprache
502 1819 863 1875 verstiindlich
892 1821 1062 1876 sein.“

340 1908 746 1965 confirmantur
784 1917 964 1965 autem
1001 1907 1140 1965 haec
1177 1908 1356 1964 verbis
1395 1909 1706 1983 nuperrime
1732 1907 2026 1984 ⁴ingeniose
2068 1908 2149 1965 di-

227 1995 327 2050 ctis
356 1994 472 2049 his:

394 2080 605 2150 „Wenn
637 2079 726 2135 die
753 2079 1104 2153 Philosophie
1134 2081 1238 2135 den
1263 2082 1478 2136 Beweis
1506 2081 1654 2139 ihrer
1675 2082 1958 2139 Wahrheit
1985 2083 2154 2138 selbst

311 2165 460 2222 fiihrt
500 2167 610 2221 und
647 2167 736 2221 die
767 2168 1335 2242 Uebereinstimmung
1367 2168 1546 2223 Vieler
1587 2170 1666 2224 sie
1695 2170 1837 2224 noch
1867 2169 2016 2224 nicht
2054 2188 2154 2224 zur

311 2252 644 2310 wahrhaften
683 2253 882 2323 macht,
927 2274 988 2308 so
1027 2254 1165 2329 liegt
1205 2275 1263 2309 es
1304 2254 1447 2310 doch
1487 2255 1849 2312 andererseits
1880 2256 2152 2313 durchaus

311 2342 383 2398 im
425 2342 624 2398 Wesen
668 2340 769 2394 der
800 2341 1100 2411 Wahrheit,
1145 2341 1269 2395 dass
1309 2343 1387 2397 sie
1430 2342 1507 2398 als
1547 2344 1944 2416 Allgemeingut
1979 2345 2152 2412 Aller,

312 2427 462 2485 nicht
488 2447 592 2482 nur
622 2447 725 2482 von
754 2429 1062 2483 Einzelnen
1092 2437 1332 2502 gewusst
1357 2429 1545 2485 wird.“
1633 2429 1772 2505 (Die
1801 2430 2155 2506 Philosophie

314 2533 541 2590 unserer
568 2516 708 2584 Zeit,
739 2535 844 2570 von
874 2515 1134 2571 Schaller.
1178 2515 1367 2589 Leipz.
1404 2515 1617 2593 1837.)

342 2601 543 2656 Verum
573 2603 715 2656 enim
744 2622 874 2657 vero
905 2602 1384 2676 praetermittenda
1412 2623 1520 2658 non
1550 2603 1834 2660 videbatur
1861 2613 2157 2678 propterea

229 2687 367 2745 haec
408 2685 540 2742 falsa
581 2688 877 2762 Schlegelii
915 2691 1207 2759 sententia,
1265 2709 1333 2744 ex
1374 2710 1480 2763 qua
1516 2693 1834 2746 Hamannus
1886 2693 2155 2747 immerito

125 2776 131 2779 ’
230 2774 579 2848 philosophus
608 2785 947 2850 nuncupatur
975 2785 1031 2831 et
1057 2776 1261 2831 Kantio
1301 2779 1669 2851 praeponitur,
1715 2776 2019 2854 (Schlegel
2057 2779 2091 2834 l.
2121 2778 2157 2835 l.

229 2882 283 2935 p.
317 2861 426 2916 34:
470 2860 824 2935 Ueberhaupt
859 2863 1133 2919 iibertrifft
1169 2864 1423 2921 Hamann
1463 2884 1530 2919 an
1575 2866 1956 2939 eigentlichem
1985 2873 2156 2918 meta-

230 2947 554 3020 physischen
584 2946 829 3002 'Piefsinn
857 2949 1097 3003 Lavater
1138 2949 1250 3006 und
1281 2950 1522 3026 Lessing
1561 2953 1699 3007 weit.
1785 2953 1966 3006 Selbst
2005 2952 2158 3006 Kant

232 3032 357 3088 darf
381 3034 507 3102 ihm,
538 3034 870 3107 glaubeich,
900 3034 1072 3093 hierin
1101 3036 1250 3094 nicht
1277 3037 1680 3111 gleichgestellt
1708 3036 1975 3114 werden.)
2021 3058 2155 3111 quo-

231 3121 372 3175 niam
402 3120 658 3176 iudicium
687 3122 955 3193 prolatum
986 3142 1018 3176 a
1048 3123 1182 3191 vire,
1214 3123 1383 3196 qualis
1416 3135 1498 3179 est
1520 3124 1858 3197 Schlegelius
1888 3124 2032 3178 haud
2056 3124 2154 3179 du-

233 3208 320 3261 bie
351 3207 435 3261 vel
465 3228 605 3262 nunc
636 3209 738 3261 vim
771 3217 826 3262 et
855 3210 1232 3267 auctoritatem
1273 3209 1438 3264 h‘abet
1474 3229 1752 3278 summam,
1797 3230 1830 3265 a
1860 3231 1967 3286 quo
2000 3231 2154 3267 rece-

235 3292 369 3346 dere
410 3294 681 3368 plerisque
722 3296 822 3349 nisi
858 3295 1156 3352 rationibus
1195 3296 1524 3368 gravissimis
1563 3297 1859 3356 valentibus
1897 3296 2046 3357 nefas
2077 3298 2155 3351 vi-

235 3377 443 3436 deatur.
529 3384 707 3455 Atque
751 3381 856 3436 hoc
896 3382 1070 3455 ipsum
1101 3382 1395 3456 Schlegelii
1440 3382 1510 3438 de
1550 3385 1838 3440 Hamanno
1880 3384 2155 3453 iudicium,

236 3484 303 3518 ex
334 3483 439 3537 quo
470 3466 522 3519 in
551 3467 686 3522 illius
715 3469 929 3542 scriptis
959 3466 1282 3542 profundam
1314 3470 1581 3543 quandam
1620 3490 1799 3527 rerum
1835 3481 2155 3543 supernatu—

234 3550 423 3610 ralium
452 3553 728 3611 scientiam
758 3565 812 3611 et
840 3556 1174 3630 sapientiam,
1220 3576 1378 3630 quam
1408 3568 1587 3613 mente
1619 3576 1816 3630 capere
1848 3576 1954 3612 non
1986 3558 2156 3632 possi-
