2418 3854
1186 189 1268 248 46

395 363 474 417 Ao
510 363 746 436 primum
791 362 1006 435 quidem
1052 364 1244 438 incipit
1287 363 1686 419 Mendelssohni
1729 367 1864 422 liber
1907 370 1975 422 ab
2018 370 2185 425 intro=
2212 397 2231 406 x

267 448 521 505 ductione
549 449 834 517 historica,
865 450 917 502 in
950 469 1055 523 qua
1086 450 1394 505 detratione
1425 460 1607 505 mutua
1634 450 1912 528 hucusque
1941 456 2081 510 inter
2109 457 2186 511 ci-

265 537 487 591 vitatem
517 544 572 590 et
602 536 885 589 ecclesiam
915 536 1488 611 intercedente'agens
1516 537 1754 592 nondum
1793 539 2068 597 definitum
2113 543 2189 597 ait:

268 642 451 678 essea
479 621 831 696 philosophiS,
863 623 1137 695 quomodo
1169 624 1354 678 civitas
1386 625 1452 676 ab
1485 624 1715 678 ecclesia
1746 625 2100 702 disiungenda
2132 637 2189 684 et

267 716 523 786 quantum
576 707 860 781 potestatis
915 709 1159 764 alterutri
1211 709 1553 764 tribuendum
1614 711 1698 764 sit.
1786 711 2030 769 Civitatis
2075 716 2189 770 sive

267 797 530 869 ecclesiae
559 795 834 849 libidinem
862 794 1173 849 dominandi
1202 795 1599 868 philosophicas
1647 796 2064 870 disquisitionem>
2090 801 2187 855 ad-

264 882 492 938 mirabili
512 881 754 955 'quadam
786 882 1084 936 constantia
1123 882 1383 954 repuisse.
1468 882 1519 936 E
1562 882 1792 938 libidinis
1835 885 1972 940 illius
2014 887 2186 942 domi-

264 969 425 1025 nandi
446 968 759 1023 *necessaria
791 969 944 1021 ruina
973 967 1239 1041 prodiisse
1268 968 1320 1022 in
1351 977 1580 1043 utraque
1610 970 1827 1026 civitate
1863 972 2187 1043 marchiam,

267 1057 416 1113 cuius
445 1054 847 1129 impugnandae
878 1062 934 1108 et
962 1053 1325 1109 removendae
1356 1074 1520 1109 causa
1549 1056 1818 1111 Thomam
1846 1059 2188 1117 Hobbesium

262 1143 492 1218 primum
523 1141 825 1196 doctrinam
854 1160 1022 1210 suam,
1051 1141 1348 1196 secundum
1380 1162 1539 1216 quam
1570 1144 1747 1198 omnia
1789 1143 1859 1199 ad
1904 1145 2190 1201 ecclesiam

264 1239 320 1285 et
349 1228 418 1283 ad
449 1229 719 1283 civitatem
766 1227 1093 1300 pertinentia
1129 1246 1231 1300 per
1273 1229 1380 1282 vim
1424 1238 1479 1283 et
1520 1239 1845 1302 potestatem
1887 1232 2190 1287 absolutam

263 1314 567 1389 redigenda
597 1324 794 1381 essent,
825 1314 1211 1387 composuisse,
1243 1334 1382 1388 quae
1413 1335 1574 1388 quum
1606 1317 1719 1370 aliis
1750 1317 1820 1371 de
1854 1319 2030 1372 causis
2072 1328 2190 1375 tum

262 1402 557 1478 praecipue
584 1401 712 1455 ideo
743 1400 909 1475 digna
938 1402 1008 1455 sit
1036 1403 1569 1471 commemoratione,
1600 1403 1746 1477 quod
1777 1405 1844 1457 ab
1880 1405 2187 1459 acutissimo

265 1498 491 1545 auctore
533 1486 782 1561 profecta
827 1497 883 1542 et
924 1497 1257 1560 pertractata
1310 1489 1604 1561 permultos
1648 1489 1987 1546 adversarios
2029 1500 2190 1547 nacta

262 1578 347 1646 sit,
391 1576 482 1650 qui
525 1595 664 1649 quae
711 1594 778 1628 ex
819 1575 1051 1629 Hobesii
1080 1575 1355 1647 principiis
1384 1576 1663 1630 absolutae
1692 1572 2187 1653 servitutis'seque-

262 1672 480 1731 rentur,
534 1662 800 1716 acerrime
855 1662 1252 1734 impugnarent.
1340 1660 1537 1716 Lockii
1591 1673 1781 1718 contra
1837 1658 2188 1737 disciplinam,

265 1769 428 1825 quum
457 1748 716 1802 humanas
746 1766 834 1801 res
865 1767 899 1801 a
928 1747 1118 1801 divinis
1148 1759 1403 1802 accurate
1433 1750 1754 1819 secreverit,
1783 1750 2187 1824 relinquendam

264 1857 402 1906 esse,
433 1836 632 1909 quippe
663 1853 818 1908 quae,
848 1854 1010 1908 quum
1042 1853 1147 1888 non
1180 1843 1457 1907 appareat,
1488 1854 1595 1908 quo
1626 1835 1917 1892 alterutrae
1946 1836 2188 1892 referen-

264 1923 368 1978 dae
399 1924 519 1992 sint,
548 1921 746 1976 nullam
776 1922 828 1975 in
859 1941 1198 1975 communem
1227 1921 1370 1975 vitae
1399 1941 1552 1976 usum
1603 1923 1709 1976 vim
1750 1923 1964 1978 babeat.
2048 1924 2189 1979 Per-

263 2010 488 2065 multum
519 2018 699 2063 autem
729 2009 991 2063 interesse
1022 2009 1163 2076 eiuS,
1209 2009 1298 2082 qui
1341 2010 1512 2063 mutui
1555 2009 1782 2063 civitatis
1826 2018 1883 2065 et
1924 2010 2190 2066 ecclesiae

264 2095 574 2153 commercii
604 2096 866 2149 rationem
899 2102 1154 2149 accurate
1185 2094 1413 2149 definire
1442 2094 1585 2164 velit,
1608 2095 1678 2149 de
1707 2096 1964 2169 primaria
1991 2098 2188 2153 utrius*-

264 2205 370 2259 que
425 2184 646 2238 notione
706 2191 760 2236 et
812 2182 1208 2256 significatione
1264 2183 1400 2236 certi
1455 2182 1584 2256 quid
1628 2181 1773 2256 apud
1817 2196 1877 2238 s'e
1902 2184 2186 2244 >statuisse-

265 2274 444 2333 Quum
472 2269 775 2324 hominibus
805 2269 875 2323 ad
907 2288 1243 2323 communem
1275 2269 1415 2323 vitae
1453 2271 1616 2323 finem
1659 2268 2054 2344 assequendum
2097 2289 2187 2325 so»

265 2359 517 2414 cietatem
546 2358 688 2411 inter
716 2375 776 2410 se
806 2355 1022 2410 ineundi
1055 2355 1252 2428 duplex
1283 2356 1352 2410 sit
1380 2357 1673 2410 necessitas
1704 2356 1910 2411 scilicet
1936 2365 1998 2411 ut
2027 2365 2086 2411 et
2124 2375 2187 2411 re

263 2444 519 2518 factoque
563 2453 618 2498 et
662 2444 995 2517 cogitatione
1038 2442 1499 2515 intelligentiaque
1544 2441 1726 2497 officio
1770 2443 1898 2516 ipsis
1947 2444 2186 2499 iniuncto

264 2529 608 2598 satisfaciant,
640 2549 869 2602 quorum
900 2529 1124 2583 alterum
1155 2528 1225 2582 ad
1256 2528 1498 2583 homines
1528 2529 1754 2584 alterum
1785 2529 1855 2583 ad
1877 2529 2037 2585 deum
2061 2548 2186 2604 per-

263 2620 458 2685 tineat3
490 2617 619 2670 oriri
648 2616 775 2670 inde
805 2616 1162 2670 institutiones
1193 2625 1249 2670 et
1278 2616 1460 2669 civiles
1491 2625 1547 2670 et
1589 2615 2000 2686 ecclesiasticaS,
2045 2635 2186 2691 quae

263 2713 527 2778 utraeque
558 2704 876 2757 coniunctae
907 2702 977 2756 ad
1005 2702 1247 2756 beandos
1277 2721 1378 2774 per
1407 2702 1755 2756 concordiam
1784 2703 2042 2758 homines·
2060 2722 2186 2777 spe-

266 2799 428 2847 ctent.
503 2789 804 2844 Civitatem
833 2808 982 2857 vero,
1012 2789 1056 2842 si
1087 2788 1350 2842 eiusmodi
1389 2788 1775 2843 beatitudinem
1816 2788 2039 2845 efficere
2079 2806 2185 2844 ne-

266 2886 432 2953 queat
461 2885 768 2932 contentam
798 2896 918 2931 esse
947 2894 1009 2929 re
1037 2873 1292 2948 factoque
1322 2885 1378 2928 et
1412 2875 1468 2929 id
1513 2895 1723 2945 curare,
1744 2905 1745 2908 ¹
1765 2885 1830 2931 ut
1870 2877 2014 2932 cives
2054 2875 2185 2931 item

267 2984 329 3019 re
371 2963 628 3037 factoque
673 2961 855 3017 officio
899 2959 1252 3028 satisfaciant3
1286 2970 1476 3016 contra
1507 2964 1790 3017 ecclesiam
1819 2964 1852 3018 i.
1884 2983 1930 3019 e.
1951 2958 2183 3036 religio-

266 3050 683 3106 nem-eiusmodi
713 3050 793 3104 rei
822 3047 1059 3122 factique
1089 3068 1122 3102 a
1151 3049 1483 3122 cogitatione
1512 3049 1972 3124 intelligentiaque
2000 3054 2183 3103 se'cre-

265 3133 468 3193 tionem
509 3136 770 3208 respuere
814 3134 994 3209 eoque'
1031 3135 1149 3208 ipso
1196 3136 1464 3190 civitatem
1509 3143 1566 3190 et
1608 3136 1891 3191 ecclesiam
1931 3135 2074 3188 inter
2122 3155 2183 3189 se

269 3221 506 3279 differre.
596 3224 814 3275 Civitati
842 3223 923 3276 ius
955 3241 1075 3276 esse
1119 3222 1262 3276 cives
1308 3241 1374 3276 ex
1419 3217 1687 3277 conventu
1732 3220 1798 3295 (i.
1836 3241 1891 3276 e.
1932 3220 2180 3298 legibus)

270 3310 410 3366 civili
435 3305 775 3367 adofficium
804 3308 905 3380 ipsi
935 3308 1315 3380 praestandum
1346 3308 1620 3382 adigendi,
1645 3307 1922 3380 ,utifigitur
1950 3327 2069 3362 eam
2099 3309 2182 3363 iu-

268 3399 416 3452 ribus
458 3392 743 3471 perfectis3
798 3394 1079 3448 ecclesiam
1124 3402 1313 3448 contra
1342 3415 1471 3448 >non
1509 3394 1716 3448 habere
1768 3393 1850 3447 ius
1893 3413 2020 3449 suos
2047 3386 2185 3468 par-i

268 3480 740 3557 modoadig‘endi,
772 3499 891 3535 esse
934 3480 1102 3553 igitur
1144 3480 1258 3533 eius
1284 3481 1419 3534 *iura
1452 3478 1792 3552 imperfecta.
1880 3481 1995 3536 Sed
2029 3479 2182 3536 unde

267 3571 404 3626 haec
434 3569 691 3646 adigendi
719 3569 862 3637 iura,
891 3566 1036 3622 unde
1064 3565 1205 3621 hunc
1236 3566 1444 3621 civilem
1474 3576 1794 3622 conventum
1824 3574 1983 3623 esse?
2025 3568 2182 3630 Quae
