2418 3854
1103 217 1185 278 65

188 403 440 459 (lamenta
479 407 535 452 et
573 397 840 452 elementa
883 395 999 449 eius
1039 394 1185 467 quod
1224 393 1333 447 dici
1378 402 1560 466 potest
1599 393 1769 462 „eine
1799 393 2112 448 Metakritik

189 489 290 544 der
316 483 625 542 Vernunft“
672 482 834 557 (ibid.
865 480 998 557 54.)
1041 480 1328 553 clavesque
1359 481 1428 534 ad
1459 480 1816 535 obscuritates
1845 481 1898 534 in
1928 481 2115 536 Kantii

189 572 526 651 philosophia
568 572 751 625 obvias
793 567 1196 642 perspiciendas
1227 567 1444 622 lateant.
1492 565 1653 643 (ibid.
1686 565 1819 643 81.)
1865 599 1944 607 —-
1986 568 2113 622 Non

190 662 262 718 de
288 659 565 732 theologia
598 667 653 712 et
679 656 919 730 physica,
963 653 1061 708 sed
1110 653 1179 707 de
1211 655 1397 726 lingva
1429 654 1703 727 agendum
1743 673 1881 722 esse,
1923 662 2116 726 utpote

192 749 274 808 de,
301 755 474 802 matre
518 745 739 799 rationis
781 750 836 797 et
875 740 1234 795 revelationis,
1334 739 1760 814 (Offenbarung
1799 739 1927 795 ibid.
1971 740 2114 816 90.)

110 879 117 893 s
188 836 330 891 Eam
360 832 600 908 gladium
632 850 752 885 esse
783 827 984 902 duplici
1012 828 1131 881 acie
1159 827 1482 900 praeditum,
1528 846 1635 901 quo
1666 827 1922 881 veritates
1952 844 2119 900 quae-

189 939 404 994 cunque
446 927 502 973 et
541 915 823 971 mendacia
868 914 1220 969 dissecentur.
1306 915 1446 968 Eam
1477 913 1710 988 denique
1750 933 1969 968 causam
1998 932 2121 968 esse

180 1007 683 1082 'paralogismorum
713 1010 769 1056 et
796 1001 1222 1056 Antinomiarum
1253 1001 1506 1068 omnium,
1551 1020 1691 1075 quae
1720 1001 1916 1054 rationi
1944 1002 2118 1075 impu-

190 1103 388 1151 tentur.
474 1089 611 1144 Inde
639 1089 760 1144 fieri
787 1099 849 1143 ut
876 1087 1138 1142 vocabula
1167 1106 1268 1160 pro
1300 1089 1606 1142 notionibus
1645 1096 1700 1143 et
1727 1087 1977 1141 notiones
2016 1104 2120 1161 pro

191 1182 354 1236 rebus
383 1178 512 1250 ipsis
542 1176 857 1230 habeantur.
896 1173 1188 1230 Vocabulis
1219 1183 1274 1227 et
1302 1175 1608 1229 notionibus
1638 1174 1975 1229 existentiam
2003 1173 2121 1228 nul-

193 1268 310 1323 lam¹
338 1265 502 1320 tribui
544 1278 724 1336 posse,
768 1281 909 1335 quae
947 1261 1112 1314 rebus
1151 1261 1489 1314 solummodo
1522 1271 1578 1315 et
1604 1261 1686 1330 iis,
1733 1280 1871 1335 quae
1899 1280 1961 1315 re
1991 1279 2124 1315 vera

192 1355 314 1420 sint,
356 1349 646 1406 tribuenda
688 1349 771 1404 sit.
817 1346 1013 1421 (Ham.
1046 1367 1131 1420 op.
1164 1348 1286 1413 VII,
1320 1347 1494 1422 360.)
1585 1347 1699 1402 Sed
1734 1367 1898 1420 quum
1937 1347 2124 1422 lingua

193 1441 238 1495 si
267 1446 420 1493 recte
450 1437 787 1504 adhibeatur,
831 1433 1023 1488 eadem
1055 1434 1217 1487 etiam
1246 1435 1565 1506 principium
1597 1424 1939 1489 cohaerentis
1979 1435 2033 1488 in
2062 1454 2123 1488 se

195 1526 478 1581 doctrinae
526 1524 831 1596 meritoque
875 1520 984 1574 dici
1024 1520 1196 1593 possit
1241 1520 1402 1588 „Das
1444 1520 1980 1594 Sprachprincipium
2024 1520 2125 1575 der

193 1609 511 1680 Vernunft,“
551 1617 722 1664 totam
761 1606 1157 1681 philosophiam
1198 1607 1251 1660 in
1290 1608 1673 1680 grammatices
1712 1606 1944 1662 formam
1987 1608 2125 1662 etin

191 1700 388 1754 ⁴librum
416 1684 820 1771 quodammodo
852 1693 1235 1747 elementarem
1258 1694 1582 1766 cognitionis
1618 1702 1837 1748 nostrae
1867 1693 2123 1768 redigen-

196 1786 322 1840 dam
351 1801 473 1838 esse
503 1790 705 1837 censet.
751 1778 978 1855 (Jacobi
1007 1779 1100 1847 IV,
1132 1780 1189 1847 3,
1222 1778 1397 1853 351.)

308 1857 396 1925 Ad
425 1867 823 1925 controversias
853 1884 1040 1920 omnes
1084 1875 1140 1920 et
1169 1865 1469 1920 discordias
1501 1865 1924 1939 componendaS,
1968 1887 2126 1940 sepa-

195 1958 569 2030 rationemque
611 1972 864 2008 sensuum
904 1960 961 2006 et
998 1952 1386 2025 intelligentiae
1426 1949 1816 2028 (Sinnlichkeit
1851 1952 1961 2008 und
1991 1954 2126 2009 Ver—

197 2043 389 2121 stand)
431 2061 572 2116 quae
599 2041 803 2094 Kantio
845 2039 1113 2113 placuerit
1150 2038 1443 2093 tollendam
1485 2039 1706 2113 linguae
1734 2039 1931 2095 auxilio
1963 2048 2020 2095 et
2047 2040 2126 2095 in-

197 2130 535 2188 tercessione
571 2126 831 2182 utendum
873 2143 1024 2192 esse3
1083 2126 1280 2180 etenim
1332 2126 1382 2179 in
1428 2145 1493 2180 ea
1535 2127 1793 2201 coniungi
1843 2134 2129 2201 utramque

199 2217 527 2292 cognitionis
575 2214 828 2269 arborem
881 2231 1114 2285 seseque
1160 2212 1391 2266 invicem
1443 2213 1696 2286 amplecti
1717 2212 1793 2290 *).
1833 2245 1919 2254 —-
1971 2215 2129 2276 Quae

161 2343 163 2345 -
202 2304 382 2360 omnia
419 2321 550 2356 vere
591 2309 653 2355 ut
688 2300 1058 2374 perficiantur,
1100 2299 1371 2353 Brunonis
1410 2300 1732 2373 principium
1769 2299 2128 2371 „coinciden-

199 2391 359 2446 tiae“
386 2382 776 2463 principiorum
804 2394 1059 2459 tanquam
1090 2404 1272 2439 veram
1303 2405 1509 2454 eorum,
1539 2405 1680 2460 quae
1708 2386 1762 2440 in
1790 2387 2132 2462 philosophia

203 2474 313 2533 sibi·
332 2475 704 2543 adversantur,
746 2471 1247 2545 componendorum
1289 2492 1355 2527 ac
1396 2472 1882 2529 consociandorum
1922 2474 2131 2530 metho-

204 2563 333 2619 dum
362 2581 429 2617 ac
456 2562 596 2615 viam
625 2558 989 2615 adhibendum
1019 2578 1156 2614 esse.
1196 2557 1321 2634 (VI,
1357 2558 1529 2636 183.)
1616 2561 1780 2615 Hanc
1819 2561 2130 2618 coinciden-

201 2651 334 2706 tiam
372 2648 646 2723 pertinere
683 2646 755 2702 ad
793 2645 1131 2700 idealismum
1172 2665 1390 2720 quoque
1444 2655 1499 2701 et
1535 2647 1843 2702 realismum
1891 2647 2131 2723 philoso-

204 2736 384 2811 phiae,
423 2753 668 2807 eamque,
697 2722 1151 2807 quemadmodum
1182 2742 1373 2787 natura
1401 2742 1587 2787 nostra
1617 2754 1683 2788 ex
1713 2735 1890 2788 animo
1922 2743 1978 2790 et
2007 2754 2130 2790 cor-

204 2842 343 2898 pore
374 2827 602 2889 constet,
643 2821 719 2874 ita
749 2839 816 2874 ex
843 2829 1078 2893 utroque
1114 2819 1204 2873 illo
1236 2839 1357 2874 esse
1388 2820 1693 2876 conflatam.
1783 2819 2010 2896 (Jacobi
2037 2823 2132 2888 IV,

202 2911 269 2981 3,
300 2907 477 2983 347.)
530 2907 728 2962 Veram
755 2905 1148 2980 philosophiam
1176 2925 1283 2961 non
1315 2926 1621 2980 agnoscere
1650 2907 1956 2977 discrimen,
1986 2906 2135 2982 quod

206 2995 397 3052 unitati
426 2991 715 3066 repugnet,
757 2999 948 3066 utpote
979 3006 1119 3065 quae
1148 2993 1393 3047 omnibus
1434 2993 1740 3047 notionibus
1771 2994 1956 3049 subsit.
2042 2995 2132 3050 In*-

207 3092 294 3138 ter
333 3088 602 3136 extremas
639 3079 890 3152 utrinque
927 3086 1112 3150 partes
1152 3078 1388 3132 medium
1427 3078 1699 3152 quoddam
1731 3079 1942 3150 deesse,
1987 3079 2134 3155 quod

209 3168 586 3223 verbalismum
624 3165 809 3219 vocari
849 3164 995 3232 velit,
1037 3163 1273 3237 indeque
1312 3166 1481 3237 sequi,
1525 3174 1709 3238 partes
1746 3166 1863 3221 illas
1902 3187 2009 3223 non
2041 3187 2133 3221 ex—

209 3262 410 3308 tremas
439 3272 580 3322 esse,
623 3250 722 3306 sed
761 3259 1019 3324 tanquam
1048 3248 1238 3304 affines
1281 3260 1336 3305 et
1365 3251 1539 3306 socias
1570 3272 1927 3328 convergere.
1975 3252 2119 3328 (ibid

212 3339 391 3416 341.)
456 3333 884 3412 Philosophiam
928 3337 1220 3410 quamlibet
1250 3348 1501 3393 constare
1542 3359 1609 3393 ex
1641 3341 1802 3395 certis
1834 3350 1889 3395 et
1917 3341 2137 3396 incertis

215 3425 632 3500 cognitionibuS,
675 3443 744 3479 ex
784 3420 1064 3478 idealismo
1107 3432 1164 3478 et
1203 3424 1473 3494 realism0,
1517 3445 1582 3480 ex
1612 3428 1857 3480 sensibus
1901 3436 1955 3480 et
1984 3428 2136 3481 intel-
2183 3416 2191 3429 “

214 3512 374 3568 lectu.
419 3507 580 3586 (ibid.
612 3509 788 3588 347.)
879 3511 1350 3573 Quemadmodum
1391 3514 1527 3566 ratio
1561 3532 1591 3565 a
1620 3514 1864 3566 sensibus
1905 3512 2137 3569 discerni

330 3649 375 3699 *J
406 3647 473 3691 Cf.
503 3648 790 3692 nosenkranz
819 3649 1078 3694 Geschichte
1108 3654 1183 3694 der
1213 3653 1477 3694 Kaut’schcn
1507 3654 1781 3703 Philosophie
1812 3667 1852 3703 p.
1883 3650 1980 3694 411.

1437 3736 1441 3739 -
1729 3715 1765 3766 5
