2418 3854
1222 178 1315 238 40.

310 353 409 405 bus
438 352 562 405 viris
606 352 780 407 doctis
822 351 1196 407 intercedebat
1236 354 1500 408 rationem
1543 354 1767 407 abiectis
1809 351 2129 428 quibusdam
2157 373 2222 408 ac

311 438 499 514 vilibus
530 440 705 493 causis
732 439 910 494 nixam
953 458 1075 493 esse
1118 440 1319 509 statuit,
1364 441 1613 514 opinatus
1657 438 1865 495 scilicet
1904 440 2223 513 scriptorem

309 525 801 598 Regiomontanum
829 544 1001 599 aegre
1026 524 1317 595 ferentem,
1361 526 1508 599 quod
1536 527 1737 599 scripta
1765 545 1867 580 sua·
1886 535 1998 582 tam
2027 526 2226 599 exigua

311 612 379 666 ab
407 612 508 667 illis
537 611 696 666 laude
726 619 888 684 atque
915 609 1103 667 favore
1133 621 1361 685 excepta
1387 611 1630 681 fuissent,
1673 612 1990 667 societatem
2020 631 2141 668 cum
2161 613 2224 667 iis

308 697 594 752 ineundam
622 697 908 770 respuisse.
981 698 1145 759 Quod
1186 699 1426 771 iniquum
1457 699 1526 752 de
1554 700 1841 752 Hamanno
1882 698 2224 772 iudicium*),

311 784 501 858 quibus
529 783 691 837 rebus
721 783 985 845 adductus
1011 785 1442 857 pronuntiaverit
1462 784 1546 837 vir
1573 782 1951 857 sagacissimus
1980 794 2036 840 et
2060 785 2226 839 histo-

310 871 425 924 riae
478 869 749 923 literariae
816 871 1051 944 scriptor
1118 871 1502 924 celeberrimus
1513 912 1530 940 ,
1595 869 1846 944 equidem
1901 889 2006 924 non
2048 871 2228 939 video,

311 955 631 1031 praesertim
671 975 833 1028 quum
872 976 932 1010 se
972 955 1040 1009 ad
1082 956 1356 1011 Hamanni
1394 956 1724 1029 peculiarem
1762 955 2028 1011 sentiendi
2072 958 2224 1030 cogi-

310 1042 566 1114 tandique
594 1042 830 1096 indolem
859 1062 924 1096 ac
952 1051 1198 1096 naturam
1230 1042 1702 1098 demonstrandam
1731 1044 1941 1097 nonnisi
1970 1043 2231 1115 ipsissima

313 1130 427 1184 eius
458 1128 686 1203 dicta**)
712 1148 831 1182 esse
860 1128 1223 1183 adhibiturum
1252 1128 1467 1184 disertis
1488 1131 1666 1184 verbis
1691 1129 2063 1198 declaraverit,
2092 1129 2232 1183 eius-

311 1215 460 1271 modi
489 1224 668 1270 autem
700 1214 871 1285 dieta,
916 1234 983 1269 ex
1013 1216 1205 1289 quibus
1234 1215 1320 1285 id,
1364 1215 1511 1290 quod
1539 1218 1711 1272 visum
1742 1225 1825 1270 est
1855 1215 2124 1284 Gervino,
2155 1213 2232 1269 ef-

314 1303 491 1370 ficiaS,
534 1321 796 1374 nusquam
834 1303 1092 1375 reperias,
1182 1301 1449 1357 Conferas
1499 1303 1657 1357 velim
1699 1311 1920 1376 praeter
1955 1321 2050 1371 ea,
2094 1320 2234 1375 quae

312 1390 420 1443 iam
447 1388 795 1457 laudavimuS,
835 1388 925 1443 illa
954 1408 1190 1463 quoque,
1230 1408 1372 1463 quae
1397 1390 1532 1458 VII,
1569 1388 1705 1444 123.
1736 1389 1868 1443 dicit
1892 1390 2236 1443 Hamannus:

310 1476 474 1530 Habe
502 1474 587 1529 ich
618 1476 720 1528 mir
747 1493 956 1549 grauen
983 1476 1160 1530 lassen
1189 1495 1290 1529 vor
1317 1475 1416 1530 der
1446 1495 1678 1549 grossen
1705 1476 1936 1549 Menge,
1979 1474 2117 1550 oder
2143 1474 2238 1529 hat

311 1561 456 1616 mich
486 1545 574 1616 di‘e
603 1561 954 1636 Verachtung
984 1562 1083 1617 der
1110 1560 1515 1617 Freundschaft
1544 1562 1982 1636 abgeschreckt?
2027 1561 2235 1622 Quibus

313 1649 448 1703 locis
489 1648 746 1720 inspectis
787 1649 1060 1721 quomodo
1102 1650 1184 1702 vir
1214 1648 1556 1707 doctissimus
1597 1649 1743 1703 salva
1783 1647 1894 1702 fide
1934 1666 2032 1709 eo,
2077 1666 2238 1722 quem

316 1735 441 1803 dixi,
485 1733 650 1788 modo
680 1734 922 1790 iudicare
949 1736 1190 1808 potuerit
1225 1736 1353 1791 mihi
1380 1755 1487 1789 non
1516 1735 1724 1808 liquere
1752 1732 1947 1798 fateorss

425 1822 546 1875 Jam
574 1822 626 1874 in
673 1822 940 1894 originem
968 1822 1092 1875 mali
1121 1821 1295 1890 istius,
1337 1822 1404 1875 ad
1438 1821 1584 1896 quod
1612 1819 2067 1895 impugnandum,
2109 1826 2165 1873 et
2193 1819 2239 1872 si

314 1908 435 1962 fieri
463 1916 666 1981 posset,
707 1907 965 1961 radicitus
997 1907 1400 1980 exstirpandum
1429 1929 1550 1962 sese
1581 1908 1882 1963 contulerat
1904 1908 2238 1975 Hamannus,

315 1995 586 2067 inquirens
618 2014 647 2048 a
677 1993 862 2049 Wolfii
899 1994 1239 2067 philosophia
1281 2003 1335 2049 et
1364 1994 1580 2067 quidem
1610 1994 1975 2068 metaphysica
2005 2012 2125 2046 eam
2153 2011 2241 2046 re-

315 2080 605 2155 petendam
635 2100 754 2134 esse
793 2089 946 2135 recte
984 2081 1288 2154 perspexit,
1334 2101 1494 2154 quam
1532 2101 1694 2154 quum
1736 2101 1801 2135 ea
1839 2090 2094 2153 tanquam
2121 2076 2241 2132 fun-

319 2168 572 2221 damento
602 2166 976 2241 pervulgatam
1014 2167 1158 2220 illam
1199 2166 1268 2220 de
1310 2167 1575 2241 religione
1618 2166 1924 2241 disputandi
1954 2173 2239 2220 consuetu-

322 2254 504 2308 dinem
545 2254 643 2309 niti
686 2254 922 2323 videret,
965 2252 1394 2311 labefactandam
1437 2264 1493 2308 et
1535 2254 1749 2308 omnino
1792 2251 2242 2327 pessumdandam

321 2342 422 2395 sibi
453 2361 573 2395 esse
615 2341 846 2409 censuit,
889 2342 943 2394 in
973 2359 1132 2414 quam
1162 2341 1479 2394 sententiam
1518 2341 1622 2394 iam
1654 2341 1796 2394 vitae
1834 2339 1927 2393 fini
1967 2338 2242 2411 proximus

319 2428 549 2484 Jacobio
577 2427 712 2481 haec
741 2428 980 2500 scripsit:
1028 2425 1146 2501 (W.
1177 2428 1270 2495 IV,
1303 2428 1370 2495 3,
1413 2426 1589 2502 409.)
1635 2426 1780 2494 „Ich
1820 2417 1964 2479 halte
2005 2443 2063 2478 es
2100 2423 2243 2479 noch

323 2515 561 2583 „immer
589 2513 677 2567 fiir
719 2514 838 2568 eine
879 2513 1176 2569 fruchtlose.
1213 2514 1428 2581 Arbeit,
1473 2533 1540 2566 an
1583 2512 1982 2567 subordinirten
2025 2509 2243 2566 Grund—

322 2603 564 2670 „siitzew
581 2621 649 2656 zu
678 2601 876 2654 flicken
904 2600 1015 2654 und
1044 2600 1197 2654 ihren
1225 2599 1615 2673 Widerspruch
1658 2596 2047 2653 aufzudecken.
2116 2597 2243 2651 Man

323 2707 516 2756 „muss
544 2686 657 2740 sich
688 2686 1154 2760 schlechterdings
1182 2686 1582 2753 entschliessen,
1609 2683 1772 2739 tiefer
1801 2705 1867 2739 zu
1897 2684 2104 2758 graben
2133 2682 2244 2740 und

324 2774 543 2843 „hiiher
571 2793 637 2828 zu
666 2774 894 2846 steigen.
979 2775 1116 2829 Wer
1153 2772 1291 2826 dazu
1325 2772 1479 2827 'nicht
1517 2774 1670 2827 Herz
1712 2771 1849 2825 oder
1890 2769 2108 2824 Geduld
2133 2770 2246 2844 *hat

324 2860 481 2929 „und
509 2860 624 2915 sein
653 2859 1061 2934 gleichzeitiges
1088 2857 1456 2913 Jahrhundert
1482 2858 1811 2933 verlaugnen
1842 2859 2001 2925 kann,
2032 2856 2156 2911 dem
2175 2857 2246 2911 ist

327 2966 433 3016 „es
474 2947 666 3000 immer
692 2947 904 3001 besser:
934 2965 1150 3001 manum
1180 2945 1249 2999 de
1278 2945 1513 3000 tabula.“

440 3035 617 3106 Atque
645 3030 893 3107 profecto
922 3033 1150 3089 Wolfiu's
1179 3033 1286 3087 iam
1313 3031 1463 3087 initio
1493 3030 1662 3086 seculi
1689 3031 1881 3087 XVIII
1908 3027 2245 3102 theologicas

329 3119 635 3192 disciplinas
664 3139 762 3173 suo
792 3138 946 3174 more
973 3128 1210 3175 tractare
1241 3138 1439 3193 easque
1468 3119 1742 3192 principiis
1772 3115 2142 3192 philosophiae
2170 3115 2246 3169 ita
2282 3191 2293 3197 ἱ

328 3205 590 3279 adaptare
620 3214 902 3277 coeperat,
945 3215 1007 3261 ut
1042 3206 1316 3280 theologi,
1361 3215 1617 3280 quantum
1658 3206 1778 3259 fieri
1818 3199 2028 3276 posset,
2072 3201 2247 3256 recla-

327 3302 538 3356 marent
566 3292 930 3365 atrociterque
958 3294 1368 3350 reluctarentur.
1413 3293 1769 3349 Nihilominus
1790 3298 1969 3345 tamen
1998 3290 2247 3345 mutatio-

421 3507 466 3554 a)
498 3503 714 3546 Gervinus
743 3515 785 3554 p.
815 3499 915 3544 442.

402 3579 468 3626 W)
500 3577 714 3618 Geminus
744 3590 786 3628 p.
816 3571 914 3617 439.
