2418 3854
1185 179 1266 239 28

263 363 349 409 ter
388 351 818 427 reprehendunt,
863 353 1087 426 agnovit
1126 353 1372 428 quidem,
1425 357 1705 427 praecavit
1741 365 1919 412 tamen
1961 356 2062 413 sibi
2104 379 2188 428 ea,

265 459 371 513 qua
412 450 532 495 erat
571 439 888 493 strenuitate
931 439 997 493 ab
1041 442 1303 511 omnibuS,
1349 460 1491 515 quae
1530 442 1657 496 inde
1685 439 1843 499 facile
1871 445 2186 518 proficisce-

263 529 461 582 bantur
485 525 951 599 postulationibuS,
993 534 1185 599 utpote
1215 547 1355 601 quae
1385 529 1469 593 vix
1500 528 1846 601 exsequenda
1882 532 1984 586 sibi
2015 533 2187 586 conti-

262 633 396 668 nere
426 613 750 669 viderentur.
840 609 947 687 (H.
978 614 1035 667 S.
1065 614 1170 682 ΙΠ,
1214 616 1356 682 201,
1402 615 1541 681 184,
1587 613 1763 690 185.)
1851 618 2042 672 Amico
2073 619 2187 673 cui-

263 699 390 754 dam
419 697 714 770 respondet
740 697 905 753 haec:
952 696 1030 773 (1,
1063 699 1238 775 363.)
1284 700 1464 754 Meine
1491 701 1871 776 Bestimmung
1906 704 1978 760 ist
2003 704 2190 762 weder

263 805 331 840 zu
361 787 535 840 einem
563 781 767 852 Kauf-,
812 785 1034 839 Staats-
1062 785 1204 839 noch
1233 785 1556 841 Weltmann.
2009 810 2020 822 ‘

376 870 586 925 Ibidem
615 870 795 924 lucide
826 871 1063 943 exponit,
1108 891 1169 924 se
1197 871 1415 926 tandem
1459 892 1526 927 eo
1557 874 1888 946 pervenisse,
1930 883 1994 930 ut
2030 875 2187 930 intel-

262 959 461 1032 ligeret
488 977 758 1029 nunquam
788 955 908 1010 fore
939 976 1111 1025 suum,
1144 968 1508 1014 mercatorum
1538 959 1722 1029 libroS,
1764 971 1858 1015 aut
1886 961 2189 1034 ephemeri-

261 1044 357 1098 des
388 1044 627 1116 publicas
659 1044 1022 1097 conscribere.
1061 1075 1065 1078 ·
1111 1045 1320 1105 Quibus
1360 1066 1427 1100 ex
1456 1047 1634 1101 verbis
1675 1057 1838 1122 atque
1876 1066 1944 1102 ex
1974 1045 2187 1102 confes-

260 1131 496 1185 sionibus
528 1139 948 1184 consentaneum
980 1140 1063 1185 est
1091 1132 1349 1206 consequi
1379 1132 1452 1201 id,
1498 1133 1643 1207 quod
1673 1136 1962 1188 Hamanno
2002 1134 2186 1208 proxi-

260 1237 422 1283 mum,
468 1216 724 1290 quodque
755 1218 804 1270 ei
834 1236 1009 1289 paene
1039 1215 1295 1286 officium,
1339 1221 1618 1294 negotium
1646 1218 1827 1290 fuerit,
1866 1220 1995 1275 nibil
2023 1239 2188 1294 posse

261 1303 422 1371 aliud,
467 1304 565 1357 nisi
606 1304 888 1376 scriptoris
928 1322 1121 1359 munus
1163 1324 1312 1372 esse3
1356 1325 1422 1360 ex
1463 1307 1692 1379 epistola
1732 1316 1884 1362 certe
1910 1308 2187 1363 Hamanni

261 1391 331 1445 ad
370 1390 655 1444 Jacobium
699 1398 944 1463 apparet,
992 1388 1261 1465 (Jacobi's
1300 1394 1389 1448 W.
1431 1393 1536 1463 IV,
1581 1394 1638 1462 3,
1686 1393 1819 1470 13.)
1866 1395 2185 1449 convenisse

260 1497 383 1532 eum
414 1477 568 1545 duoS,
611 1477 871 1532 Kantium
900 1478 1109 1532 scilicet
1138 1488 1194 1533 et
1220 1478 1532 1549 Berentem,
1565 1480 1655 1553 qui
1687 1496 1810 1535 eum
1840 1480 1911 1535 ad
1940 1481 2183 1536 scriben-

258 1564 387 1619 dum
418 1573 840 1619 commoverent.
930 1565 1115 1626 Quare
1143 1567 1460 1620 Hamannus
1499 1567 1734 1622 oblatam
1764 1568 1993 1642 arripuit
2019 1586 2185 1623 occa-

202 1684 205 1686 ·
258 1653 463 1706 sionem
504 1659 668 1723 atque
708 1651 980 1705 scribendi
1020 1652 1227 1707 initium
1268 1652 1397 1707 inde
1440 1654 1612 1726 capit,
1656 1662 1716 1709 ut
1752 1655 1986 1728 primum
2025 1654 2079 1708 in
2119 1653 2184 1708 li-

254 1738 430 1806 bello,
476 1756 636 1810 quem
686 1737 1106 1806 „memorabilia
1147 1739 1432 1793 Socratica
1446 1745 1479 1771 ‘⁶
1527 1741 1798 1814 inscripsit
1859 1737 2184 1815 (Hamanns

258 1822 547 1879 Schriften.
612 1823 849 1879 Zweiter
874 1824 1050 1880 Band.
1124 1825 1477 1880 Sokratische
1504 1825 2182 1901 Denkwiirdigkeiten....

255 1912 355 1966 Mit
396 1912 546 1965 einer
584 1909 878 1983 doppelten
919 1909 1196 1966 Zuschrift
1234 1931 1302 1966 an
1343 1912 1611 1967 Niemand
1651 1913 1763 1968 und
1805 1933 1872 1968 an
1911 1911 2179 1989 Zween.)

256 2018 395 2072 quae
435 1997 659 2051 sentiret
699 2006 862 2071 atque
893 1996 1170 2071 judicaret
1219 1997 1290 2052 de
1319 1998 1515 2067 literiS,
1560 1999 1740 2073 deque
1769 2009 1954 2055 mutua
1994 2018 2183 2056 earum

255 2085 649 2153 coniunctione,
695 2093 859 2158 atque
901 2085 1254 2139 continuitate
1293 2105 1325 2139 e
1365 2085 1509 2155 loco,
1553 2106 1662 2159 quo
1702 2087 1819 2160 ipse
1860 2087 2182 2142 constitutus

255 2180 373 2226 erat
412 2171 700 2244 peculiari,
744 2172 797 2225 in
840 2172 1145 2226 universum
1186 2180 1243 2227 et
1282 2172 1444 2245 paulo
1483 2173 1640 2228 latius
1681 2171 1983 2247 proferret,
2025 2173 2182 2228 simul

252 2277 383 2313 vero
416 2258 682 2331 permulta
711 2258 814 2331 ipsi
842 2259 1066 2332 propria
1105 2258 1231 2313 huic
1261 2258 1462 2313 iudicio
1497 2261 1849 2330 immisceret,
1895 2267 1953 2315 ut
1978 2260 2181 2334 ubique

250 2345 597 2419 singularem,
643 2365 783 2418 quae
823 2355 941 2402 erat
980 2346 1142 2400 animi
1182 2346 1297 2400 eius
1339 2346 1597 2417 conditio,
1640 2366 1775 2420 prae
1813 2366 1874 2401 se
1902 2344 2074 2402 ferret
2114 2366 2181 2402 ac

251 2431 586 2487 defenderet.
617 2465 700 2473 —

366 2518 576 2579 Quodsi
616 2537 724 2573 non
763 2519 1125 2573 necessarium
1169 2527 1268 2589 est,
1313 2538 1435 2574 cum
1464 2520 1735 2594 Hegelius
1775 2519 2182 2575 accuratissime

251 2615 619 2680 perscrutatus
671 2606 764 2674 sit,
817 2614 1027 2678 partem
1067 2606 1523 2675 Memorabilium,
1577 2606 1723 2660 illum
1772 2605 1933 2661 animi
1981 2614 2181 2662 statum

251 2693 524 2747 Hamanni
552 2701 892 2762 tractantem,
936 2692 1076 2747 hanc
1114 2691 1282 2747 fusius
1324 2701 1487 2766 atque
1516 2693 1734 2747 uberius
1766 2694 2055 2767 explicare,
2100 2692 2178 2748 al·

251 2787 424 2834 teram
463 2787 644 2832 tamen
681 2778 1099 2854 haudquaquam
1134 2780 1571 2852 praetermittere
1610 2799 1894 2853 possumus
1905 2821 1923 2850 ‚
1977 2781 2179 2855 quippe

252 2866 305 2920 in
336 2885 442 2939 qua
472 2865 736 2919 elementa
765 2866 930 2920 totius
962 2862 1076 2938 ejus
1106 2866 1380 2920 scribendi
1409 2868 1629 2941 generis
1671 2876 1728 2921 et
1754 2867 1982 2942 negotii,
2025 2863 2177 2939 cujus

254 2952 534 3006 exordium
564 2953 704 3005 viam
725 2950 840 3025 jam
871 2961 1077 3007 certam
1099 2954 1430 3021 monstravit,
1462 2953 1726 3008 collocata
1757 2963 1920 3028 atque
1940 2954 1992 3007 in
2012 2971 2177 3007 unum

253 3058 394 3092 nunc
426 3038 712 3111 conjuncta
742 3039 1096 3112 reperiantur.
1131 3070 1209 3080 —-
1256 3042 1432 3113 Atque
1462 3040 1549 3094 bic
1580 3041 1798 3114 quidem
1826 3042 1924 3095 fiat
1950 3058 2176 3094 necesse

254 3126 372 3194 erit,
402 3134 463 3180 ut
492 3135 679 3178 contra
710 3136 989 3180 auctorem
1019 3127 1209 3199 ipsum,
1243 3126 1313 3180 de
1344 3146 1451 3200 quo
1484 3128 1712 3201 agimus,
1745 3125 1944 3200 aliquid
1973 3125 2025 3179 in
2059 3145 2174 3179 me·

254 3212 400 3266 dium
442 3209 805 3284 proferamus,
860 3232 1023 3285 quum
1067 3233 1189 3267 eum
1229 3213 1404 3286 ipsum
1456 3233 1564 3268 non
1603 3214 1803 3287 ubique
1843 3219 1996 3266 recte
2048 3231 2174 3284 per-

250 3299 507 3372 spexisse,
552 3296 680 3370 quid
710 3298 810 3351 sibi
839 3299 1085 3367 voluerit,
1116 3300 1328 3357 ostendi
1355 3300 1501 3354 haud
1532 3299 1749 3354 difficile
1778 3307 1974 3371 potest.
2029 3299 2174 3353 Nam

251 3388 295 3439 si
325 3385 526 3458 apertis
555 3384 733 3437 verbis
765 3385 1081 3438 confitetur:
1125 3383 1351 3459 (Jacobi
1378 3387 1472 3455 IV,
1504 3388 1561 3454 3,
1597 3383 1724 3459 12.)
1758 3404 1839 3453 ea,
1871 3405 2012 3458 quae
2040 3384 2173 3440 scri«

251 3474 344 3527 bat
371 3473 638 3539 universa,
684 3489 751 3525 ex
779 3470 1002 3543 singulis
1033 3471 1174 3525 vitae
1205 3471 1599 3526 conditionibus
1630 3471 1896 3544 originem
1925 3473 2173 3541 traxisse,

249 3568 305 3615 et
344 3560 414 3615 ad
455 3558 676 3615 modum
703 3557 1072 3632 singularem,
1127 3575 1235 3631 quo
1289 3557 1489 3633 aliquid
1542 3557 1994 3628 consideraverit,
2051 3578 2173 3614 esse
