2418 3854
1121 220 1203 281 73

198 420 266 456 eo
308 400 579 455 inventum
631 397 953 470 principium
991 415 1125 470 prae
1167 397 1364 451 ceteris
1404 395 1789 450 intendendum
1832 416 1951 451 esse
1993 396 2128 451 dixi-

197 505 347 553 muS,
389 485 464 539 ita
502 484 556 537 in
593 502 780 537 amore
818 492 1073 557 tanquam
1126 480 1475 538 fundamento
1520 483 1822 537 doctrinam
1863 503 2014 538 suam
2059 484 2130 538 de

200 571 507 627 Christiana
536 569 814 643 disciplina
843 570 1021 624 nixam
1060 589 1184 624 esse
1215 570 1408 639 voluit,
1452 571 1653 643 quippe
1697 588 1837 644 quae
1874 578 2004 624 tunc
2035 569 2128 624 de-

198 678 343 714 mum
371 657 492 721 viva
522 664 695 725 esset,
740 657 787 710 si
815 656 992 710 animo
1021 665 1284 729 percepta
1322 657 1482 710 animi
1523 654 1753 711 formam
1793 655 2129 732 induere-ff),

198 742 653 820 quemadmodum
694 762 762 797 ex
789 743 1063 797 Hamanni
1117 742 1457 816 philosophia
1501 742 1734 797 hominis
1787 744 2021 798 animum
2062 743 2130 796 ab

200 834 318 906 ipso
349 830 585 896 maioris,
627 849 789 901 quam
819 849 1005 884 omnes
1034 830 1244 904 logices
1272 830 1492 903 regulas
1533 830 1871 885 aestimatum
1901 849 2022 884 esse
2051 829 2130 882 in·-

198 917 501 974 telleximus
556 915 715 988 (III,
750 915 899 991 15.).
973 916 1459 991 Thaumaturgiam
1509 935 1722 971 omnem
1763 916 2133 983 aestheticam,

200 1023 366 1079 quum
396 1002 466 1057 ad
489 1021 677 1077 sensus
707 1021 774 1055 ex
804 1021 866 1055 re
894 1002 1012 1075 ipsa
1038 1002 1250 1057 oriundi
1277 1023 1456 1076 neque
1485 1003 1701 1058 aliunde
1725 1003 2024 1077 comparati
2051 1002 2132 1056 lo-

201 1111 324 1147 cum
352 1088 708 1162 supplendum
739 1107 847 1142 non
875 1087 1129 1143 sufficere
1160 1098 1405 1159 censeat,
1447 1089 1553 1144 hoc
1582 1091 1734 1163 ipso,
1777 1108 1939 1164 quem
1966 1088 2133 1145 modo

200 1176 620 1252 significavimus
665 1194 854 1243 sensu,
899 1175 1223 1230 aesthetices
1271 1177 1592 1250 principium
1631 1177 1895 1231 contineri
1934 1176 2134 1231 statuit.

200 1261 521 1320 Naturalem
549 1260 818 1336 quandam
849 1259 920 1316 de
960 1282 1026 1317 ea
1057 1261 1359 1317 doctrinam
1388 1283 1448 1317 se
1479 1263 1720 1318 condere
1748 1264 1887 1318 velle
1918 1264 2017 1332 ait,
2061 1261 2136 1331 id,

201 1349 351 1424 quod
395 1349 530 1417 iam,
589 1367 753 1422 quum
791 1349 1028 1403 Baconis
1057 1349 1385 1404 mentionem
1434 1350 1795 1420 iniiceremuS,
1852 1350 2136 1417 innuimuS,

201 1455 343 1511 quae
371 1434 579 1489 scilicet
605 1434 749 1489 illam
779 1436 846 1489 ab
878 1436 1173 1491 arbitrariis
1201 1436 1411 1509 placitis
1441 1445 1498 1491 et
1524 1437 1730 1511 regulis
1760 1445 1817 1492 et
1845 1437 2133 1512 cogitatio—

201 1523 358 1578 nibus
390 1519 907 1598 (abstractionibus)
939 1523 1173 1576 liberare
1202 1522 1434 1578 studeat.

315 1611 495 1681 Atque
523 1607 627 1662 hac
657 1607 876 1682 quidem
902 1608 1249 1679 liberatione,
1284 1629 1444 1683 quam
1483 1611 1800 1665 Hamannus
1828 1610 2056 1666 tentavit
2084 1617 2141 1663 et

203 1695 502 1763 inchoavit,
548 1714 671 1748 eum
702 1694 773 1748 de
809 1694 991 1749 literis·
1010 1696 1214 1768 optime
1242 1697 1494 1750 meritum
1524 1716 1646 1751 esse
1675 1698 1867 1771 negari
1898 1716 2003 1750 non
2040 1695 2135 1749 de-

203 1783 312 1837 bet.
358 1781 492 1843 Quis
523 1781 664 1835 enim
695 1789 796 1850 est,
841 1782 932 1856 qui
962 1790 1191 1855 quantus
1220 1781 1347 1837 inde
1377 1782 1445 1837 ad
1470 1783 1724 1857 aequales
1753 1783 2142 1838 redundaverit

198 1867 428 1937 fructuS,
456 1868 700 1923 nesciat?
752 1868 870 1922 Iam
892 1868 946 1922 in
974 1867 1288 1938 Herderum
1307 1910 1322 1938 ‚
1370 1870 1543 1925 virum
1575 1869 1645 1924 de
1678 1872 1928 1924 universa
1956 1870 2138 1924 litera-

204 1975 323 2010 rum
363 1954 642 2027 republica
685 1949 1084 2010 meritissimum
1126 1956 1214 2010 cui
1259 1958 1554 2011 Germania
1603 1976 1858 2032 magnam
1909 1957 2138 2031 gloriae,

204 2061 310 2116 qua
339 2041 523 2095 seculo
555 2041 840 2114 superiore
871 2052 1102 2096 exeunte
1132 2042 1427 2116 gaudebat,
1469 2052 1682 2116 partem
1713 2044 1902 2113 debet,
1934 2043 2137 2097 doctri-

202 2148 327 2183 nam
366 2128 640 2182 Hamanni
679 2128 965 2182 maximam
1004 2129 1111 2182 vim
1162 2129 1442 2198 habuisse,
1486 2131 1629 2184 inter
1682 2149 1870 2185 omnes
1900 2139 2138 2184 constat.

205 2216 315 2276 Qui
345 2215 425 2268 vir
464 2215 982 2287 praestantissimus,
1026 2234 1191 2288 quum
1230 2216 1505 2271 Hamanni
1545 2215 1907 2272 familiaritate
1948 2218 2138 2271 arctis-

203 2302 337 2356 sima
367 2310 423 2355 et
450 2309 638 2355 mutuo
670 2320 791 2354 cum
835 2321 901 2355 eo
932 2320 1266 2367 sermonum,
1311 2303 1770 2378 epistolarumque
1809 2305 2138 2359 commercio

203 2407 331 2442 usus
360 2389 446 2455 sit,
477 2389 543 2441 ab
576 2407 637 2441 re
666 2407 774 2441 non
804 2385 969 2442 fuerit
998 2389 1431 2446 coniunctionem
1470 2390 1624 2444 istam
1669 2392 1811 2445 inter
1850 2392 2138 2464 utrumque

206 2474 380 2528 virum
407 2473 863 2542 intercedentem,
910 2475 1110 2548 quippe
1153 2476 1240 2530 cui
1282 2477 1384 2549 ipsi
1412 2495 1521 2530 non
1564 2477 1739 2532 solum
1771 2477 2140 2533 doctrinarum

206 2562 628 2615 inveteratamm
668 2562 967 2616 immutatio
1010 2570 1065 2616 et
1113 2564 1396 2617 conversio
1445 2583 1634 2618 verum
1675 2565 1838 2619 etiam
1879 2583 2137 2619 novarum

206 2666 501 2719 earumque
531 2647 927 2721 elegantiorum
958 2647 1357 2721 disciplinarum
1387 2651 1547 2724 origo
1578 2651 1870 2720 debeatur,
1915 2670 2139 2706 accura-

204 2735 310 2788 tius
340 2733 428 2787 hic
458 2732 770 2795 describere
801 2743 857 2789 et
886 2755 1025 2808 quae
1053 2733 1217 2790 fuerit
1247 2737 1359 2790 eius
1382 2737 1668 2810 peculiaris
1697 2738 1926 2807 indoleS,
1959 2749 2138 2792 osten-

208 2820 366 2875 dere:
409 2821 528 2874 Iam
556 2819 682 2874 inde
713 2841 745 2874 a
774 2840 946 2894 puero
976 2822 1294 2876 Hamannus
1324 2843 1386 2877 se
1408 2823 1650 2878 Herderi
1678 2825 1971 2898 populares
2005 2843 2138 2897 quo-

210 2905 501 2961 dammodo
564 2926 909 2979 praeamasse
964 2909 1077 2962 sive
1136 2909 1389 2981 opinione
1448 2911 1680 2985 quadam
1739 2918 2142 2985 praeconcepta

214 2993 520 3066 amplexum
550 3013 670 3047 esse
700 2995 874 3048 amico
905 2995 1108 3064 scribit,
1142 2992 1286 3069 (III,
1319 2997 1494 3073 302.)
1528 2999 1582 3052 in
1612 3017 1719 3072 qua
1750 2997 2142 3052 consuetudine

209 3082 276 3133 ab
306 3079 565 3134 Herdero
595 3081 789 3134 iuvene
820 3089 875 3135 et
895 3081 1319 3136 morumindole
1354 3092 1409 3137 et
1438 3084 1606 3138 literis
1647 3104 1782 3157 prae
1802 3085 1978 3140 multis
2010 3104 2140 3139 con-

208 3166 394 3238 spicuo
427 3186 492 3220 ac
523 3166 838 3240 dignissimo
870 3168 1020 3222 cuius
1053 3168 1250 3222 victum
1281 3171 1601 3225 amicissime
1632 3180 1814 3241 curet,
1857 3192 1979 3226 sese
2010 3191 2139 3225 con-

209 3253 429 3308 firmari.
501 3253 564 3306 In
607 3272 713 3326 quo
757 3253 1013 3308 admirari
1041 3254 1170 3310 licet
1206 3257 1479 3311 Hamanni
1519 3277 1776 3327 acumen,
1818 3267 2007 3331 utpote
2050 3258 2142 3330 qui

211 3357 374 3411 quum
402 3340 456 3402 in
483 3339 676 3394 iuvene
705 3341 857 3409 tanti,
900 3341 991 3415 qui
1018 3350 1211 3415 postea
1238 3340 1414 3398 factus
1444 3354 1528 3400 est
1558 3345 1655 3399 viri
1684 3346 1831 3399 initia
1861 3354 1970 3399 tam
1998 3345 2138 3398 bene

327 3535 372 3584 ⁹³)
401 3536 452 3575 Id
483 3537 595 3583 quod
624 3538 832 3593 Hegelius
863 3538 922 3578 ita
951 3539 1182 3589 expressit:
1215 3552 1391 3593 „wenn
1423 3554 1468 3582 es
1501 3543 1592 3582 sich
1625 3555 1701 3582 zur
1730 3542 1944 3598 geistige‘n
1966 3542 2143 3598 Gegen-

214 3612 324 3648 wart
354 3609 440 3648 und
473 3608 666 3661 eigenem
695 3609 840 3651 Besitz
870 3611 1263 3663 versubjectivirt.“
