2418 3854
1198 161 1284 223 50

280 361 438 410 „nen,
469 340 570 394 der
597 324 868 395 Weisheit
896 335 1005 392 und
1037 337 1186 393 Giite
1216 337 1312 393 das
1341 338 1532 414 Ihrige
1574 341 1779 395 rauben
1824 340 1935 396 und
1977 340 2096 396 ihre
2140 340 2215 396 ei-
2278 334 2283 345 “

278 447 459 502 „gene
502 423 1042 481 unwandelbare
1085 425 1374 481 Einheit
1416 424 1505 480 fiir
1534 426 1666 481 zwei
1697 428 2004 501 ausgeben,
2035 427 2127 482 die
2154 446 2216 482 so

279 511 670 584 „verschieden
701 519 860 564 unter
888 510 1003 566 sic-h
1034 511 1170 582 sind,
1201 512 1277 566 als
1308 513 1388 567 sie
1417 513 1584 567 selbst
1608 531 1712 566 von
1740 514 1938 569 beiden
1967 514 2104 568 istim
2132 547 2218 554 —-

281 601 678 666 Quamobrem,
745 616 909 670 quum
964 617 1171 652 summa
1227 598 1349 652 libri
1392 597 1886 654 Mendelssohniani
1927 601 1981 654 in
2025 600 2219 654 iurium

281 689 662 757 actionumque
693 693 917 737 externa
947 686 1131 757 specie
1175 678 1542 757 perfectarum
1586 682 1734 738 falsis
1779 686 2053 759 principiis
2099 705 2220 741 cer-

281 784 467 841 natur,
512 778 666 824 recte
720 772 1039 824 Hamannus
1092 770 1330 839 „Durch
1386 771 1492 825 den
1551 771 2066 847 Schlangenbetrug
2121 772 2223 827 der

281 857 622 932 „Sprache,“
655 857 746 925 ait,
777 857 1061 925 „cirkulirt
1088 866 1249 910 unter
1278 855 1383 911 den
1415 877 1477 912 so
1509 857 1933 912 verschiedenen
1965 858 2043 912 als
2070 878 2219 914 man-

282 943 639 1019 „nigfaltigen
666 942 1098 1016 Wor‘tgestalten
1129 943 1200 997 im
1231 963 1443 1016 ganzen
1467 945 1772 999 Jerusalem
1802 944 1892 998 die
1923 945 2099 1018 ewige
2124 965 2221 1019 pe-

282 1034 435 1104 „titio
469 1028 618 1085 eines
648 1029 759 1083 und
793 1029 1077 1082 desselben
1109 1029 1551 1103 hypokritischen
1583 1032 1830 1104 principii
1861 1050 1967 1085 von
2011 1032 2222 1086 {iusser-

282 1119 491 1191 „licher
519 1115 1012 1170 Vollkommenheit
1042 1115 1143 1170 der
1171 1117 1386 1172 Rechte
1419 1117 1528 1172 und
1562 1118 1951 1192 Handlungen,
1981 1137 2100 1193 *von
2144 1118 2223 1172 in-

283 1204 593 1277 „nerlicher
622 1202 1192 1258 Unvollkommenheit
1222 1203 1323 1258 der
1349 1204 1622 1259 Pflichten
1647 1204 1759 1259 und
1782 1205 2228 1279 Gesinnungen.“

287 1293 442 1368 (VII,
476 1288 609 1366 29.)

412 1380 535 1433 Jam
566 1395 780 1430 omnem
811 1394 993 1430 rerum
1025 1376 1301 1430 cardinem
1333 1378 1470 1432 verti
1502 1386 1691 1432 censet
1730 1378 2048 1432 Hamannus
2093 1376 2227 1431 dua-

286 1469 384 1521 bus
415 1465 566 1545 bisce
598 1463 1034 1536 quaestionibus:
1065 1464 1313 1535 primum,
1341 1484 1468 1518 num
1492 1465 1774 1519 doctrinae
1797 1474 1854 1519 et
1874 1465 2022 1533 iuris,
2045 1462 2229 1538 quoad

284 1571 546 1627 personas
588 1559 644 1604 et
686 1569 804 1618 reS,
862 1550 1003 1604 inter
1047 1570 1107 1605 se
1151 1551 1425 1605 rationalis
1481 1570 1775 1606 consensus
1821 1560 1877 1605 et
1919 1550 2226 1605 coniunctio

287 1661 407 1694 esse
437 1637 646 1711 possit?
692 1635 920 1705 deinde,
951 1655 1077 1690 num
1107 1637 1225 1691 iura
1256 1636 1500 1710 perfecta
1532 1639 1890 1711 pactionibuS,
1918 1637 2075 1691 nullis
2105 1634 2227 1690 offi-

290 1728 386 1782 ciis
417 1721 750 1796 imperfectis
780 1723 1088 1796 pactionem
1119 1724 1573 1796 praecedentibus
1620 1723 1766 1779 effici
1808 1726 2032 1797 possint,
2076 1742 2228 1778 num—

289 1833 394 1887 que
426 1809 609 1864 officia
639 1809 900 1882 adigendi
930 1807 1123 1864 officiis
1154 1810 1433 1885 religionis
1477 1808 1910 1888 (conscientiae)
1955 1811 2230 1865 nitantur?

292 1897 459 1962 Quod
490 1896 559 1951 ad
589 1897 818 1969 primam
848 1898 1220 1970 quaestionem
1250 1898 1492 1966 attineat,
1515 1907 1701 1953 mutua
1732 1899 2008 1971 utriusque
2035 1896 2230 1957 relatio

293 1986 701 2057 arctissimaque
733 1983 1042 2038 coniunctio
1073 1984 1235 2038 statui
1266 1985 1393 2058 quin
1425 1984 1627 2039 debeat
1655 1984 1890 2039 dubitari
1911 2003 2018 2038 non
2039 1999 2232 2057 posse3

293 2073 363 2127 de
395 2072 565 2126 altera
597 2071 914 2144 quaestione
944 2069 1001 2124 id
1030 2070 1324 2126 tenendum
1355 2091 1477 2126 esse
1511 2072 1594 2127 ius
1638 2069 1941 2146 perfectum
1985 2068 2231 2139 naturali,

291 2179 468 2232 neque
499 2176 630 2211 vero
662 2157 853 2211 morali
882 2158 1226 2223 necessitate,
1257 2159 1457 2232 quippe
1488 2178 1629 2232 quae
1659 2159 1764 2213 sint
1806 2157 1990 2214 officia
2029 2158 2230 2230 imper-

293 2246 437 2300 fecta
484 2244 691 2316 acquiri
735 2245 899 2317 inque
944 2244 1125 2298 locum
1169 2242 1475 2299 officiorum
1519 2245 1805 2319 adigendi,
1847 2245 2047 2319 quippe
2089 2262 2231 2317 quae

294 2334 401 2388 sint
431 2330 613 2386 officia
643 2329 888 2404 perfecta
918 2331 1219 2386 succedere
1248 2332 1550 2387 naturalem
1584 2333 1637 2386 vi
1678 2331 1912 2406 quadam
1953 2330 2231 2404 impellen-

297 2430 403 2475 tem
437 2419 838 2473 necessitatem.v
922 2419 984 2472 In
1019 2438 1179 2492 quam
1208 2420 1529 2473 sententiam
1558 2419 1697 2473 haec
1727 2418 1859 2473 dicit
1887 2419 2233 2472 Hamannus:

468 2506 606 2575 „Mit
634 2505 786 2558 einer
815 2504 1034 2558 solchen
1068 2505 1556 2561 Vollkommenheit
1593 2507 1872 2559 bekommt
1914 2504 2012 2558 das
2056 2523 2232 2578 ganze

383 2592 714 2665 speculative
743 2590 927 2646 Recht
956 2590 1056 2646 der
1098 2593 1276 2646 Natur
1317 2594 1475 2647 einen
1516 2593 1663 2660 Riss,
1707 2592 1817 2646 und
1861 2589 1995 2646 lauft
2035 2591 2091 2645 in
2115 2589 2232 2667 vdas

383 2678 612 2751 hochste
642 2678 886 2732 Um·echt
914 2679 1052 2732 iiber
1065 2683 1117 2745 ;“
1149 2676 1305 2751 (VII,
1338 2679 1471 2755 31.)
1503 2679 1658 2752 sequi
1689 2679 1857 2753 igitur
1900 2677 2058 2748 inde,
2102 2669 2232 2733 iuris

298 2774 525 2821 naturae
580 2765 844 2837 principia
887 2764 1237 2837 pessumdata
1291 2774 1346 2819 et
1388 2767 1544 2820 unius
1599 2767 1822 2820 arbitrio
1879 2775 1936 2821 et
1977 2763 2233 2838 potestati

301 2853 536 2907 obnoxia
581 2871 716 2905 esse.
808 2850 972 2912 Quod
1015 2851 1213 2905 malum
1269 2861 1327 2906 ut
1381 2853 1706 2926 effugiamus
1764 2852 2003 2926 pactioni
2045 2849 2232 2905 sociali

301 2941 524 2993 subesse
555 2937 760 2992 debere
790 2937 1117 3007 naturalem,
1149 2958 1289 3011 quae
1318 2939 1363 2992 si
1392 2941 1588 3008 subsit,
1627 2949 2049 2994 consentaneum
2094 2956 2231 3005 esse,

299 3044 735 3098 unumquemque
793 3024 1065 3079 hominem
1116 3024 1328 3099 legibus
1382 3035 1610 3081 naturae
1672 3027 2058 3081 convenienter
2110 3042 2237 3089 esse,

304 3120 568 3167 acturum.

430 3197 698 3251 Nimirum
729 3198 843 3250 eius
873 3205 1065 3269 utpote
1095 3198 1188 3271 qui
1222 3196 1422 3269 officia,
1466 3219 1758 3274 numquam
1798 3216 1930 3252 vero
1974 3197 2094 3252 iura
2137 3197 2232 3251 ha-

302 3287 446 3351 beat,
475 3282 785 3336 facultatem
827 3283 1087 3339 moralem
1128 3285 1341 3358 legibus
1385 3288 1682 3360 sapientiae
1726 3293 1782 3340 et
1820 3284 2232 3339 benevolentiae

306 3392 426 3427 esse
457 3369 724 3424 subditam
755 3377 810 3421 et
839 3369 882 3421 si
913 3369 1075 3423 homo
1107 3371 1453 3427 beatitudinis
1482 3373 1584 3447 ipsi
1612 3390 1720 3426 non
1752 3389 2047 3426 concessae
2083 3390 2233 3426 conr·

305 3457 580 3532 parandae
610 3474 772 3510 causa
800 3453 873 3508 ad
902 3455 1156 3509 auxilium
1185 3452 1427 3515 illicitum
1457 3456 1763 3532 confugiat,
1803 3459 1966 3514 statui
2008 3477 2134 3514 eum
2177 3466 2234 3514 et

306 3546 406 3598 iuri
437 3553 662 3599 naturae
691 3560 812 3596 sese
843 3559 1140 3615 opponere.
