2418 3854
808 418 1067 493 vrrA
1120 419 1693 494 HAMANNI.
1735 452 1742 460 ,.
1800 364 1837 369 '¹

380 594 622 649 Puerum
649 596 756 666 iam
784 613 873 650 me
900 596 1118 651 memini
1147 596 1336 651 audire
1367 605 1423 651 et
1442 596 1635 672 legere
1665 596 1737 652 de
1765 600 1928 673 mago
1953 600 2189 675 quodam

269 681 557 754 'aquilonali
603 679 748 756 (der
787 683 985 758 Magus
1030 703 1126 738 aus
1169 682 1459 759 Norden).
1515 685 1765 738 ‘Nomini
1807 684 1932 741 huic
1965 680 2080 761 jam
2124 689 2191 742 ab

267 767 420 821 initio
452 786 511 821 se
541 768 783 823 adiunxit
812 769 1097 824 celerrima
1127 770 1519 843 cogitationum
1550 772 1963 827 consociatione-
1981 776 2192 847 species

270 853 535 927 quaedam
564 857 973 929 mysteriorum,
1017 874 1310 929 rerumque
1350 856 1711 927 occultarum,
1755 852 1948 931 quibus
1978 861 2193 916 animus

270 949 571 1013 occupatur
597 943 649 995 vi
678 941 1007 1016 imaginandi
1035 942 1191 996 nimis
1221 941 1432 997 ductus,
1493 944 1650 1005 Quae
1680 944 1897 1018 quidem
1924 946 2004 999 vis
2034 948 2196 1002 etiam
2256 951 2259 958 '

177 1066 191 1073 ,
271 1027 650 1083 verecundiam
690 1029 835 1083 illam
873 1037 1036 1101 atque
1078 1030 1438 1084 reverentiam
1474 1049 1656 1085 rerum
1684 1031 1791 1086 hoc
1818 1032 2036 1087 nomine
2062 1052 2196 1088 nun-

271 1122 589 1187 cupatarum
631 1114 833 1184 fundit,
887 1122 1081 1188 utpote
1138 1134 1271 1188 quas
1323 1124 1601 1190 stupentes
1643 1118 1835 1190 procul
1877 1119 2196 1175 intueamur.

267 1200 589 1255 Ludibrium
627 1199 878 1256 fortunae
918 1210 1098 1256 autem
1138 1201 1391 1274 dixerim,
1435 1202 1583 1276 quod
1626 1203 1823 1258 iterum
1864 1224 2030 1281 mago
2071 1205 2198 1262 huic

270 1287 558 1361 aquilonali
596 1285 697 1342 fuit
737 1288 1150 1344 occurrendum.
1218 1290 1305 1343 Ita
1345 1299 1526 1344 autem
1554 1291 1871 1346 Hamannus
1901 1308 2016 1346 non‘
2030 1292 2197 1347 modo
2273 1299 2280 1305 ‘

270 1393 331 1429 se
360 1375 476 1448 ipse
506 1376 763 1444 nominat,
807 1375 955 1449 quod
986 1375 1204 1449 quidem
1233 1395 1431 1430 nomen
1460 1377 1596 1430 miro
1629 1377 1864 1450 quodam
1891 1377 2200 1452 'salibusque

271 1461 491 1515 condito
524 1462 773 1516 enucleat
800 1462 966 1517 modo
1014 1460 1173 1537 (vide
1201 1463 1276 1517 H.
1307 1463 1365 1518 S.
1394 1462 1498 1517 Bd.
1528 1463 1623 1531 IV,
1653 1463 1711 1518 S.
1744 1464 1905 1519 63—
1833 1463 2048 1541 —.72)
2081 1463 2202 1539 (Cf.

273 1547 492 1602 Goethe
522 1568 570 1603 a.
601 1568 670 1603 m.
700 1548 766 1603 L.
796 1549 884 1618 Π,
922 1547 1027 1603 Th.
1068 1549 1241 1604 ῪΙΙωε
1271 1548 1429 1604 Buch
1472 1569 1525 1621 p.
1563 1551 1682 1604 105
1724 1550 1781 1606 ff.
1829 1549 1900 1605 de
1935 1558 2054 1655 toto
2082 1553 2201 1608 Ha-

272 1634 451 1690 manni
479 1634 660 1689 libello
690 1634 779 1689 hic
810 1635 975 1690 citato
1009 1635 1276 1690 Goethius
1318 1637 1397 1691 sic
1426 1635 1658 1690 iudicat:

443 1722 573 1791 „Er
615 1719 934 1798 (Hamann)
980 1722 1291 1777 beleuchtet
1331 1722 1420 1776 die
1460 1722 1816 1778 Herdersehe
1853 1722 2204 1780 Preisschrift

359 1806 454 1862 auf
480 1809 569 1863 die
600 1809 847 1882 eigenste
875 1810 976 1863 Art
1002 1809 1100 1863 mit
1126 1809 1526 1865 Wunderlichen
1558 1809 2007 1883 Schlaglichtern.
2010 1807 2086 1887 “)

273 1894 529 1969 quodque
559 1896 736 1949 abisse
777 1895 831 1949 in
861 1915 1168 1969 cognomen
1198 1895 1826 1965 honorificentissimum,
1869 1915 1982 1969 quo*
2019 1897 2204 1970 appel-

272 1982 411 2036 latus
441 1983 532 2051 sit,
579 1983 670 2055 qui
700 1982 879 2036 omnia
909 1981 1088 2036 divina
1117 1991 1281 2055 atque
1319 1982 1582 2038 naturalia
1626 1993 1914 2055 perspecta
1951 1984 2205 2055 tenuerit,

186 2109 190 2116 κ
272 2079 460 2125 narrat
487 2069 774 2143 HegeliuS.
858 2068 926 2124 Id
959 2088 1065 2142 quo
1096 2067 1298 2123 factum
1328 2070 1396 2124 sit
1425 2067 1578 2142 jure,
1618 2069 1762 2143 apud
1804 2070 1979 2143 ipsum
2018 2072 2204 2144 legas:

272 2160 350 2217 H.
380 2158 439 2215 S.
468 2158 550 2226 ΙΙ,
598 2157 739 2211 294.
809 2156 1085 2211 Hamanni
1126 2164 1307 2210 autem
1337 2157 1519 2230 magia
1556 2155 1676 2210 talis
1719 2166 1865 2223 erat,
1907 2155 2078 2236 qualis
2108 2157 2203 2211 de-

275 2247 478 2319 scripta
519 2251 603 2297 est
639 2244 693 2297 in
731 2243 812 2296 his
849 2243 1087 2300 Baconis
1130 2243 1336 2296 verbis:
1383 2240 1487 2317 (de
1527 2244 1832 2316 augmentis
1861 2243 2206 2298 scientiarum

275 2334 365 2388 lib.
387 2332 497 2407 II.)
541 2330 728 2404 Magia
756 2330 810 2383 in
841 2348 908 2384 eo
947 2330 1283 2402 potissimum
1323 2331 1667 2398 versabatur,
1717 2338 1778 2384 ut
1817 2329 2207 2387 architecturae

278 2429 334 2476 et
359 2417 594 2473 fabricas
623 2436 806 2471 rerum
834 2415 1156 2470 naturalium
1187 2408 1242 2470 et
1281 2416 1512 2470 civilium
1556 2415 1963 2489 symbolisantes
1992 2424 2210 2472 notaret

276 2539 362 2550 —-
383 2536 465 2548 —-
490 2523 594 2558 nec
621 2503 990 2558 similitudines
1019 2521 1205 2556 merae
1233 2511 1373 2571 sunt,
1405 2500 1623 2577 (quales
1651 2502 1951 2556 hominibus
1974 2500 2209 2559 fortasse

277 2611 471 2668 parum
499 2591 905 2664 perspicacibus
935 2588 1108 2645 videri
1136 2588 1376 2664 possint)
1420 2589 1518 2643 sed
1547 2589 1707 2661 plane
1734 2607 1866 2658 una,
1907 2589 2210 2665 eademque

277 2687 505 2739 naturae
557 2677 790 2750 vestigia
844 2684 938 2731 aut
978 2672 1260 2750 signacula
1303 2675 1528 2730 diversis
1567 2676 1808 2730 materiis
1853 2684 1908 2730 et
1950 2676 2207 2731 subiectis

277 2769 583 2842 impressa.·
643 2764 831 2837 Magia
880 2781 1048 2836 porro
1097 2760 1393 2816 secundum
1430 2763 1709 2817 Baconem
1762 2762 1936 2836 est*)=
1985 2762 2210 2817 scientia

283 2871 641 2913 consensuum
671 2869 856 2904 rerum
884 2848 1279 2903 universalium.
1370 2849 1525 2910 Quae
1554 2850 1928 2922 interpretatio
1954 2848 2209 2918 Bacenis,

281 2939 556 3015 quomodo
590 2958 713 2993 cum
734 2937 891 2991 dictis
919 2934 1184 3008 factisque
1202 2936 1475 2990 Hamanni
1506 2935 1800 2990 cohaereat
1827 2935 2132 2991 accuratius
2151 2935 2207 2990 in

280 3020 626 3103 sequentibus
657 3023 1130 3079 demonstrabitur.

393 3117 631 3170 Joannes
675 3115 944 3184 Georgius
985 3110 1316 3164 Hamannus
1357 3116 1514 3164 natus
1555 3115 1639 3162 est
1666 3106 2211 3182 RegiomontiiXVI

281 3210 406 3259 ante
432 3199 710 3256 Kalendas
740 3196 1243 3273 Septembres‘anni
1279 3195 1679 3254 MDOCXXX.
1719 3216 1722 3222 ¹
1749 3195 1920 3249 Pater
1947 3199 2068 3250 erat
2093 3194 2208 3248 vul-

395 3432 440 3480 *)
469 3425 732 3480 Expurgatio
762 3423 959 3464 vocabuli
990 3422 1186 3475 Magiae:
1215 3421 1400 3461 Baconis
1432 3423 1487 3461 de
1518 3420 1724 3473 dignitate
1754 3422 1798 3459 et
1826 3424 2041 3473 augment.
2060 3419 2210 3461 scient.

174 3514 196 3537 o
280 3505 352 3544 m),
381 3505 464 3555 111,
497 3513 590 3551 cap.
620 3499 684 3540 V:
703 3519 761 3527 --
779 3496 926 3549 Magia
955 3495 1069 3546 apud
1089 3494 1245 3532 Persas
1277 3504 1352 3543 pro
1384 3492 1593 3545 sapientia
1623 3491 1807 3546 sublimi,
1839 3497 1882 3533 et
1910 3491 2088 3534 scientia
2107 3503 2212 3535 con·-

281 3587 483 3616 sensuum
515 3584 654 3615 rerum
683 3568 989 3615 universalium
1020 3566 1318 3621 accipiebatur.
