2418 3854
1221 185 1301 246 30

385 362 617 418 sondern
648 361 1049 434 vorzugsweise
1093 372 1187 415 aus
1218 359 1319 416 der
1348 360 1560 416 Griisse
1600 361 2082 433 des·CharakterS‚
2126 363 2222 420 aus

385 451 560 505 einem
598 447 768 503 freien
820 466 925 501 von
967 446 1068 502 der
1109 449 1444 522 Gegenwart
1491 448 1580 502 nie
1623 449 2017 506 beschriinkten
2058 452 2223 506 Sinne

383 536 495 593 und
526 536 632 591 den
661 533 1106 608 unergriindeten
1136 533 1332 589 'Piefen
1363 535 1465 589 der
1494 531 1747 590 Gefiihle.
1787 547 1795 556 ’
2160 555 2182 562 ··

412 625 477 678 In
504 625 794 678 Hamanno
825 629 1006 676 autem
1033 630 1323 694 utrumque
1350 629 1463 675 tam
1491 630 1643 675 arcte
1673 622 2016 678 coniunctum
2038 622 2223 692 fuisse,

299 719 375 777 ut,
422 729 543 764 cum
573 727 641 761 ex
670 708 784 762 eius
813 700 924 761 vita
954 707 1138 781 colligi
1167 708 1450 780 potuisset,
1480 707 1757 781 quomodo
1787 708 2028 765 scribere
2058 729 2223 783 opor-

299 798 504 863 tuisset,
547 802 662 848 tum
703 813 770 848 ex
810 794 925 848 eius
965 794 1179 867 scriptis
1221 792 1292 846 ad
1333 793 1807 867 cognoscendum,
1852 795 2034 869 qualis.
2055 805 2223 862 esset,

299 880 444 935 haud
487 878 707 935 difficile
747 871 953 948 fuisset,
996 880 1269 935 Hamanni
1298 879 1465 934 libros
1486 879 1588 934 -vel
1619 881 1798 935 obiter
1816 889 2033 939 ,tantum
2059 884 2223 956 inspi-

301 968 462 1023 cienti
491 986 808 1040 persuasum
839 966 958 1034 erit,
989 966 1295 1021 accuratius
1325 975 1508 1021 autem
1535 967 1589 1021 in
1620 987 1713 1022 eas
1743 968 2049 1041 inquirenti,
2069 988 2223 1023 -sum-

297 1048 664 1108 mam'afl'eret
701 1053 1049 1126 voluptatem.
1135 1052 1429 1125 Proprium
1467 1062 1647 1108 tamen
1689 1062 1774 1109 est
1799 1054 2223 1129 Hamann’r„¹qui

295 1151 355 1195 ut
396 1142 514 1213 ipse
559 1140 689 1193 dicit
729 1140 852 1193 Deo
897 1139 1102 1212 gratias
1158 1139 1300 1213 agit,
1361 1139 1452 1213 qui
1495 1141 1634 1194 miro
1681 1160 1804 1195 eum
1857 1143 2226 1214 composuerit

295 1227 478 1297 modo,
526 1224 603 1300 (Ι,
637 1223 812 1299 373.)
846 1245 912 1279 ex
941 1234 1105 1298 parte
1128 1245 1235 1299 quo
1265 1226 1456 1280 tendat
1481 1227 1697 1282 nescire
1726 1247 1787 1281 se
1818 1229 2126 1298 confitetur,
2156 1247 2224 1283 ex

293 1323 450 1388 parte
491 1332 620 1367 vero
650 1311 937 1366 sedulitate
983 1311 1214 1386 quadam
1246 1331 1509 1386 perquam
1549 1321 1709 1367 cauta
1737 1313 2032 1368 levissimas
2060 1333 2223 1388 quas—

295 1421 401 1474 que
442 1399 808 1474 digressiones
850 1418 881 1452 a
922 1407 1148 1472 recepto
1193 1399 1440 1453 omnibus
1467 1399 1753 1454 ,scribendi
1795 1398 1990 1469 modo,
2034 1400 2221 1455 ortho-

293 1486 578 1561 graphiam
621 1485 775 1555 dico,
819 1485 1065 1540 consulto
1109 1494 1164 1540 et
1199 1494 1406 1539 tantum
1449 1504 1530 1539 ex·
1555 1487 1732 1540 causis
1772 1506 1882 1558 non
1923 1505 2126 1561 magno
2167 1488 2220 1541 in

295 1574 603 1628 discrimine
633 1572 896 1646 ponendis
927 1572 1026 1626 sibi
1056 1573 1348 1645 permittat.
1383 1604 1462 1613 —-—-

405 1660 534 1715 Non
577 1668 785 1713 temere
828 1659 1025 1732 igitur,
1082 1658 1179 1712 sed
1226 1657 1800 1726 rationibus·ductuS,
1858 1678 2000 1732 quae
2042 1658 2219 1733 primo

292 1755 518 1820 aspectu
552 1745 779 1820 intelligi
814 1754 1105 1819 nequeunt,
1146 1764 1334 1799 versus
1364 1743 1625 1818 quosdam
1655 1745 1850 1813 Persii,
1893 1764 2054 1818 quem
2085 1758 2220 1819 prae

293 1834 490 1889 ceteris
519 1832 700 1906 plures
732 1833 802 1886 ob
833 1833 1091 1901 rationeS,
1134 1833 1212 1886 uti
1242 1832 1292 1885 in
1323 1831 1514 1886 litteris
1558 1831 1625 1885 ad
1657 1831 1972 1886 Herderum
2010 1833 2218 1901 scribit,

291 1922 343 1974 in
386 1920 591 1975 deliciis
631 1920 838 1988 habuit,
881 1918 1038 1973 titulo
1081 1919 1262 1992 operis
1303 1919 1383 1972 sui
1427 1918 1641 1972 adiecit.
1728 1917 1912 1972 Adiuti
1950 1920 2032 1988 iis,
2074 1938 2217 1993 quae

289 2009 407 2080 ipse
448 2007 518 2061 ad
548 2007 687 2061 hanc
727 2025 841 2060 rem
885 2004 1266 2060 declarandam
1302 2004 1543 2079 protulit,
1586 2023 1835 2078 quaeque
1873 2005 1927 2060 in
1958 2007 2216 2079 operibus

291 2096 405 2148 eius
448 2095 692 2148 omnibus
731 2093 1088 2161 inveniuntur,
1131 2092 1496 2146 lubentissime
1541 2091 1888 2146 concedimus
1917 2092 2215 2154 similitudi-

289 2201 414 2235 nem
445 2180 712 2255 quandam
755 2190 810 2233 et
839 2178 1164 2234 affinitatem
1194 2170 1336 2232 inter
1374 2188 1660 2251 utrumque
1699 2179 2021 2251 scriptorem
2049 2179 2212 2234 inter-

291 2269 518 2322 cessisse
549 2286 634 2336 eo,
678 2266 825 2340 quod
854 2276 1084 2340 uterque
1113 2280 1361 2339 pugnans
1389 2274 1580 2319 contra
1610 2265 1976 2338 corruptelam
2003 2263 2215 2319 morum

293 2356 375 2408 sui
403 2355 664 2427 temporis
693 2353 888 2407 vindex
930 2353 1296 2407 doctrinarum
1335 2370 1716 2425 perversarum
1746 2361 1802 2406 et
1828 2352 2217 2407 sententiarum

295 2442 547 2510 extiterit,
570 2441 707 2495 alter
735 2459 884 2510 vero,
915 2441 1249 2506 HamannuS‚
1279 2439 1707 2512 permutationes·
1724 2439 2215 2512 conversionesque

291 2528 548 2582 maximas
592 2529 644 2581 in
689 2527 1027 2600 philosophia
1069 2526 1291 2594 viderit,
1346 2526 1414 2578 ab
1458 2525 1630 2598 iisque
1684 2534 1837 2579 actus
1879 2525 1974 2593 sit,
2012 2525 2214 2580 ¹civiles

291 2615 582 2688 praesagio
614 2613 847 2687 quodam
876 2613 1241 2686 praesenserit
1269 2622 1430 2685 atque
1461 2612 1815 2684 exoptaverit,
1858 2611 1996 2667 alter
2024 2620 2216 2666 contra

291 2700 675 2775 philosophicis
719 2708 773 2753 et
809 2700 1078 2774 religiosis
1117 2700 1330 2771 penitus
1371 2707 1673 2770 correptuS,
1718 2717 1812 2752 eas
1851 2699 1903 2752 in
1942 2694 2213 2753 se'suscib

291 2806 426 2861 pere
468 2797 630 2860 atque
671 2786 926 2859 digerere
982 2794 1204 2840 coactus
1248 2783 1426 2840 fuerit.
1522 2785 1777 2839 Externis
1827 2785 1978 2840 hisce
2019 2785 2214 2852 causis,

294 2895 425 2948 quas
469 2875 524 2928 in
566 2883 798 2947 utroque
833 2873 1100 2945 scriptore
1138 2871 1381 2926 mirabile
1421 2891 1551 2926 sane
1591 2871 1762 2926 videri
1801 2872 2213 2945 potens-attri—

295 2960 567 3015 buendum
609 2968 731 3028 est,
753 2959 900 3033 quod
940 2967 1169 3032 uterque
1211 2960 1444 3012 obscuro
1476 2978 1541 3013 ac
1570 2959 1768 3031 passim
1800 2956 2214 3013 contorto-smi-

293 3047 457 3101 bendi
496 3066 702 3121 genere
742 3054 825 3100 est
861 3065 1019 3113 usus;
1074 3045 1375 3100 abiicienda
1414 3046 1582 3118 igitur
1633 3054 1690 3100 et
1727 3042 2097 3119 impugnanda
2133 3052 2217 3098 est

295 3153 482 3189 eorum
516 3134 714 3206 opini0,
761 3133 851 3206 qui
889 3152 1013 3187 cum
1052 3132 1274 3187 alicuius
1314 3132 1420 3186 loci
1449 3133 1768 3187 sententiam
1807 3142 1903 3186 aut
1928 3130 2214 3200 vinculum,

297 3219 441 3295 quod
473 3219 712 3293 singulas
742 3219 1000 3291 quasdam
1031 3219 1422 3278 enuntiationes
1450 3220 1635 3288 nectit,
1677 3211 2090 3291 deprehendere
2118 3234 2215 3271 ne-

292 3302 512 3382 queant,
557 3314 649 3359 aut
691 3304 806 3358 solo
848 3307 1084 3359 arbitrio·
1114 3300 1336 3360 ductum
1375 3325 1496 3360 esse
1525 3306 1844 3377 scriptorem
1875 3303 2080 3382 dicunt,
2123 3302 2218 3358 aut

297 3393 528 3450 eundem
568 3391 834 3446 ludificari
874 3391 1106 3445 lectores
1135 3392 1368 3446 voluisse
1398 3401 1660 3465 ponentes
1701 3389 1947 3458 clamant,
1993 3405 2236 3464 operam‘

297 3501 418 3536 esse
457 3478 813 3554 perditurum,
858 3478 949 3552 qui
988 3467 1315 3533 absconditis
1354 3472 1477 3533 istis*
1496 3469 1771 3532 sententiis
1799 3471 1989 3533 lucem·
2014 3477 2218 3532 afferre

296 3568 567 3641 suscipiat.
995 3579 998 3582 ’
1049 3578 1051 3582 ’
2098 3584 2101 3587 ·
