2418 3854
1203 167 1291 244 52'

276 361 400 415 Non
431 352 602 414 minus
631 356 819 413 falsam
851 358 971 413 esse
1002 358 1118 417 eius
1146 359 1473 433 opinionem,
1503 378 1609 433 qua
1657 361 1766 417 Dei
1810 362 1936 417 nihil
1978 363 2206 433 intersit,

275 446 406 522 quid
434 446 676 505 homines
706 444 905 523 faciant
933 453 1183 523 agantve.
1237 447 1345 507 Qui
1375 446 1638 516 eiusmodi
1667 447 2051 523 philosophicis
2080 451 2205 509 sub-

275 534 551 589 tilitatibus
583 552 646 585 ac
678 529 1106 586 distinctionibus
1134 541 1334 602 utatur,
1379 553 1503 587 eum
1526 552 1747 606 ‚magna
1791 555 1915 590 cum
1957 535 2206 610 indigna-

275 622 424 676 tione
452 622 665 674 inanem
695 618 986 672 verborum
1015 637 1282 692 aucupem
1327 628 1384 673 et
1423 619 1710 691 ridiculum
1753 623 2031 677 notionum
2072 642 2207 676 nun-

277 698 441 781 cupat
467 706 785 760 Hamannus
816 702 1180 770 confusorem,
1212 706 1621 778 cuiuspeccata
1650 707 1703 759 in
1749 726 2090 773 communem
2131 710 2209 763 vi-

276 804 365 849 tae
393 811 566 860 usum,
595 789 689 844 ubi
719 789 789 844 de
817 791 1092 864 principiis
1122 791 1221 844 illis
1251 810 1431 845 sermo
1463 792 1534 845 sit
1554 790 1765 846 futurus
1786 812 2039 868 magnam
2063 815 2209 850 eam-

277 899 382 954 que
420 877 738 951 pernoxiam
780 878 888 930 vim
930 877 1180 930 habitura
1223 877 1343 932 sint.
1407 879 1552 949 ‘Jam
1594 880 1922 942 Hamannus
1955 880 2027 935 de
2069 883 2209 939 eius-

276 964 425 1021 modi
468 964 716 1018 doctrina
758 963 812 1017 in
857 964 1384 1033 communembvitae
1437 983 1593 1019 usum
1638 965 1945 1022 adhibenda
1981 968 2211 1043 eiusque

278 1052 691 1125 explicationem
722 1059 776 1103 et
806 1047 1189 1104 refutationem
1219 1051 1457 1107 sterilem
1493 1061 1548 1106 et
1590 1072 2051 1126 supervacaneam
2078 1048 2213 1125 ,fore

276 1138 644 1214 pronuntianS,
674 1137 857 1190 nativo
902 1145 957 1189 et
997 1137 1259 1209 peculiari
1287 1157 1395 1211 quo
1426 1139 1595 1193 utitur
1623 1139 1839 1196 dicendi
1869 1156 2078 1215 genere
2121 1161 2213 1196 ex-

275 1225 445 1300 ponit,
477 1222 763 1297 quidinde
794 1224 1024 1289 eveniat,
1055 1223 1099 1276 si
1144 1224 1410 1279 eiusmodi
1453 1227 1703 1293 notiones
1746 1228 1932 1283 inanes
1975 1224 2048 1283 ad
2090 1228 2214 1282 reli-

277 1314 471 1387 giones
500 1307 911 1364 transferantur.
998 1310 1294 1383 Exponcns
1326 1311 1542 1382 deinde,
1574 1333 1714 1387 quae
1744 1315 1886 1369 inter
1921 1314 2216 1389 religiones
2280 1358 2293 1363 -

278 1399 624 1454 christianam
656 1405 712 1451 et
738 1396 1010 1452 iudaicam
1042 1397 1347 1453 intercedat
1377 1398 1684 1454 differentia
1726 1401 2218 1473 adauctoritatem

276 1486 546 1540 factorum
578 1492 634 1538 et
662 1482 734 1537 ad
763 1483 1022 1538 historiae
1051 1486 1417 1540 testimonium
1447 1483 1739 1558 provocat3
1780 1488 1835 1563 in
1867 1507 1975 1562 quo
2004 1488 2216 1562 praeci-

275 1593 383 1648 pue
413 1570 671 1627 iudicium
701 1570 849 1644 quod
889 1572 1092 1625 amicus
1137 1572 1355 1645 quidam
1398 1574 1669 1628 Hamanni
1718 1572 2101 1652 (Lindnerus)
2148 1574 2218 1635 de

278 1680 344 1715 eo
375 1658 758 1733 pronuntiavit,
788 1657 1045 1732 quodque
1075 1658 1128 1712 in
1159 1658 1299 1713 hanc
1328 1660 1518 1732 ipsam,
1561 1660 1631 1730 de
1676 1681 1784 1735 qua
1825 1663 2055 1735 agimus,
2099 1663 2217 1719 Ha-

278 1745 547 1802 manniani
576 1744 698 1798 libri
727 1752 939 1817 partem
970 1744 1218 1818 quadrat,
1262 1747 1817 1802 memorabilissimum
1863 1758 1948 1803 est
1990 1758 2217 1811 etacu-

277 1834 538 1889 tissimum
580 1821 1041 1904 verissimumque,
1068 1904 1070 1907 Ι
1130 1832 1456 1902 ,‚Griinde,“
1491 1833 1597 1904 ait,
1627 1832 1830 1907 (Oper.
1862 1844 1899 1891 t.
1931 1836 2036 1905 ΙΙΙ,
2065 1835 2234 1891 VIII.v

278 1919 391 1996 sq.)
423 1937 606 1975 waren
637 1918 786 1995 seine
818 1917 999 1972 Sache
1028 1918 1194 1987 nicht,
1225 1917 1365 1974 wohl
1396 1921 1530 1974 aber
1558 1919 2016 1991 iiberraschende,
2046 1921 2220 1976 durch

278 2008 396 2062 ihre
428 2004 732 2060 sinnreiche
761 2003 1298 2080 Erfindungsglorie‚
1331 2006 1420 2060 die
1451 2007 1642 2062 immer
1686 2028 1791 2062 von
1838 2008 2218 2084 dem‘USchim-

278 2113 398 2149 mer
441 2094 591 2147 einer
634 2091 1277 2148 Wahrheitsiihnlichkeit
1332 2090 1597 2167 begleitet
1651 2114 1788 2163 war,
1843 2093 2220 2168 imponirende

282 2178 779 2252 Orakelspriiche.“
869 2179 1010 2233 Cum
1041 2198 1148 2253 quo
1180 2178 1381 2234 iudicio
1414 2179 1664 2235 conferas
1696 2181 1768 2247 id,
1801 2181 1948 2255 quod
1975 2183 2218 2237 Haman-

280 2287 378 2323 nus
422 2268 539 2340 ipse
587 2263 766 2339 (Opp.
811 2276 847 2320 t.
892 2266 938 2321 Ι.
982 2285 1035 2339 p.
1083 2265 1260 2342 479.)
1306 2266 1511 2325 Kantio
1555 2268 1770 2322 scribit:
1812 2268 2220 2338 „Wahrheitem

282 2352 720 2425 „Grundsiitzem
753 2353 1041 2424 Systemen
1085 2351 1177 2406 bin
1220 2352 1309 2407 ich
1353 2354 1503 2409 nicht
1545 2354 1888 2429 gewachsen.
1922 2356 2220 2424 ,Brockem

282 2442 675 2515 „Fragmente‚
710 2439 936 2507 Grillen,
965 2436 1255 2494 Einfiillef‘

412 2526 726 2581 Secundum
756 2524 925 2595 illam,
957 2546 1117 2599 quam
1149 2527 1226 2580 ab·
1257 2527 1548 2581 Hamanno
1594 2527 1887 2582 exhibitam
1931 2548 2054 2583 esse
2097 2526 2220 2585 reli-

284 2616 510 2689 gionum
555 2612 898 2667 differentiae
943 2613 1363 2685 expositionem,
1401 2613 1852 2687 ‘philosophorum
1895 2615 2093 2688 placita
2136 2623 2221 2670 ut-

286 2710 414 2775 pote
446 2719 586 2773 quae
616 2698 726 2753 fide
756 2719 863 2754 non
895 2698 1062 2773 digna
1091 2706 1312 2777 tamque
1343 2701 1490 2754 varia
1533 2701 1920 2770 etmutabilia,
1951 2721 2113 2775 quam
2140 2701 2221 2756 lu·-

283 2808 387 2842 nae
416 2786 625 2854 formae
656 2786 776 2854 sint,
807 2806 840 2840 a
869 2805 928 2839 se
959 2785 1133 2839 aliena
1163 2794 1318 2858 putat
1347 2806 1412 2841 ac
1441 2788 1663 2860 respuit.
1725 2788 2222 2854 Quaredoctrime

286 2874 609 2929 christianae
641 2892 707 2926 ex
738 2872 1006 2946 religione
1036 2873 1276 2949 mosaica
1308 2871 1449 2927 duce
1479 2873 1705 2929 historia
1733 2874 2007 2949 gradatim
2039 2873 2222 2929 tdedu-

286 2960 494 3015 cendae
525 2959 881 3014 adversantur
910 2959 970 3025 ii,
996 2959 1087 3031 qui
1118 2959 1317 3032 placita
1346 2960 1434 3014 illa
1464 2959 1539 3014 ad
1562 2962 1832 3016 civitatem
1859 2970 1914 3016 et
1934 2961 2222 3034 ecclesiam
2275 3031 2277 3033 ι

287 3056 450 3120 atque
483 3046 553 3100 ad
581 3046 971 3100 institutionem
993 3045 1336 3123 -Judaeorum
1375 3045 1590 3120 legibus
1636 3048 1951 3118 adstrictam
1979 3044 2221 3102 transfe-

284 3132 457 3188 renda
487 3134 822 3204 opinentur;‹
846 3152 970 3186 nam
1002 3151 1070 3186 ex
1101 3133 1254 3187 ruina
1294 3132 1511 3188 demum
1541 3134 2090 3209 Iudaismipromissa
2131 3133 2240 3187 illa‘

286 3229 449 3294 atque
481 3228 794 3290 exspectata
826 3219 1224 3294 Christianismi
1250 3219 1501 3284 doctrina
1530 3222 1771 3276 construi
1800 3240 1866 3275 ac
1895 3220 2050 3294 quasi
2070 3219 2221 3289 aedi-

285 3302 440 3366 ficari
469 3313 702 3378 poterat.
793 3305 961 3358 Cuius
987 3305 1289 3364 ,doctrinae
1332 3307 1482 3381 quod
1525 3309 1595 3363 sit
1636 3317 2014 3381 argumentum
2056 3314 2221 3380 atque

286 3393 570 3467 ingenium
629 3390 816 3462 paucis
889 3390 1135 3462 quidem,
1176 3391 1304 3446 ¹sed
1374 3395 1737 3468 gravissimis*
1773 3402 1989 3467 atque„
2013 3393 2220 3468 signifi-

289 3479 603 3534 cantissimis
634 3476 812 3530 verbis
854 3476 1172 3531 Hamannus
1218 3481 1457 3550 exponit,
1500 3479 1592 3553 qui
1620 3479 1779 3535 idem
1823 3500 1998 3554 quam.
2022 3479 2220 3550 adver-

288 3586 401 3619 sum
433 3565 707 3619 hominum
739 3582 861 3619 cum
891 3562 1015 3617 Deo
1049 3565 1449 3629 commercium·
1467 3585 1751 3622 evasurum
1782 3568 1868 3637 sit,
1887 3568 1947 3632 =si
1974 3567 2093 3640 quis
2120 3585 2219 3639 pu-
