2418 3854
1141 182 1207 241 ll

212 362 366 418 nobis
407 357 669 434 epistolae
709 359 855 428 eius,
891 358 944 412 in
985 358 1177 431 quibus
1217 357 1356 433 haec
1394 377 1454 412 se
1495 358 1759 413 offerunt:
1807 355 2144 412 fastidiosum

212 448 378 504 fuisse
405 447 481 501 illi
510 445 715 519 ingenii
743 444 1011 519 praeclari
1041 444 1261 498 conscio
1304 444 1561 518 quodque
1603 444 1934 499 consortium
1972 444 2143 499 homi-

212 556 341 592 num
380 531 736 590 mediocrium
777 539 832 586 et
871 550 1306 605 unumquemque
1358 531 1588 585 comiter
1626 551 1692 586 ac
1732 531 1970 605 benigne
2011 550 2147 604 erga

212 625 389 696 ipsum
417 640 478 675 se
507 627 792 693 gerentem
818 636 1035 691 semper
1061 616 1494 672 molestissimum
1535 618 1586 671 ei
1624 618 1795 672 visum
1832 637 1971 673 esse.
2031 614 2147 690 (H.

216 711 275 764 S.
303 708 410 776 III,
442 708 583 761 296.
626 706 692 775 V,
726 702 898 781 126.)
959 705 1163 774 Quare,
1182 723 1357 778 *quum
1387 711 1570 759 certos
1592 703 1858 777 quosdam
1879 702 2150 759 cancellos

216 794 318 850 sibi
360 791 777 849 circumdandos
819 800 875 846 et
913 791 1115 865 ubique
1143 791 1195 845 in
1225 790 1500 845 hominum
1529 792 1881 846 conventibus
1909 792 2151 864 ipsorum

215 881 476 949 moribuS,
506 877 1090 951 consuetudinibusque
1118 877 1509 953 indulgendum
1539 878 1659 932 esse
1687 877 2035 951 intelligeret,
2054 896 2150 931 ne·

218 987 325 1042 que
374 967 585 1040 patriae
636 974 799 1039 atque
852 965 1271 1020 inveteratarum
1313 964 1662 1038 quarundam
1701 963 2152 1020 consuetudinum

218 1073 464 1109 amorem
502 1053 741 1106 abiicere
779 1058 997 1124 posset,
1041 1051 1243 1124 optime
1284 1051 1385 1106 sibi
1426 1051 1727 1106 consultum
1757 1051 1824 1105 iri
1853 1051 2078 1125 putavit,
2107 1049 2152 1105 si

220 1141 441 1196 domum
468 1146 853 1193 reverteretur.
886 1135 994 1212 (H.
1022 1139 1079 1192 S.
1114 1138 1217 1206 III,
1250 1139 1350 1207 35,
1382 1140 1524 1207 295,
1557 1136 1734 1214 300.)
2093 1197 2098 1202 ,

332 1225 691 1282 Nihilominus
718 1225 1055 1298 prospiciens
1084 1224 1248 1279 victui
1277 1244 1462 1280 rursus
1482 1224 1711 1298 patriam
1731 1224 2038 1298 relinquere
2062 1242 2155 1278 co-

131 1329 135 1344 ‘
218 1321 373 1369 actus
401 1310 519 1382 fuit,
549 1311 726 1370 donec
754 1319 880 1384 post
906 1321 1138 1365 mortem
1164 1311 1334 1385 patris
1366 1308 1540 1386 (anno
1577 1309 2039 1386 MDCCLXVII)
2070 1329 2157 1364 re-

219 1418 409 1456 versus
437 1399 901 1472 Regiomontium,
932 1398 1169 1452 enitente
1199 1406 1254 1453 et
1284 1398 1579 1472 opitulante
1607 1398 1811 1455 Kantio
1840 1416 2032 1452 munus
2062 1396 2158 1450 ali-

223 1486 372 1561 quod
411 1485 549 1540 exile
601 1484 840 1539 oblatum
890 1485 1219 1557 susciperet,
1261 1485 1436 1559 quod,
1477 1505 1802 1558 quamquam
1841 1485 2160 1544 imminuere

222 1573 385 1628 animi
413 1571 688 1628 validioris
716 1571 976 1644 impetum
1018 1590 1127 1625 non
1165 1572 1340 1645 magis
1380 1580 1623 1645 poterat,
1666 1591 1828 1644 quam
1867 1579 2161 1644 paupertas

198 1677 201 1680 ’
226 1669 284 1715 et
323 1659 657 1715 domesticae
687 1676 853 1712 curae
885 1655 1003 1732 (H.
1025 1657 1081 1712 S.
1111 1658 1228 1726 III,
1259 1659 1376 1713 381
1416 1666 1472 1712 et
1500 1656 1678 1733 372.)
1709 1667 1890 1711 tamen
1921 1677 2081 1711 omne
2111 1656 2162 1711 ei

231 1756 444 1819 tempus
486 1744 780 1807 consumsit
818 1752 983 1816 atque
1020 1744 1195 1812 trivit,
1237 1745 1580 1817 animumque
1608 1744 1817 1798 maiora
1845 1753 1902 1799 et
1929 1751 2082 1798 certa
2109 1743 2163 1802 in

221 1830 861 1899 scribendq.moliturum
890 1830 1193 1903 occupavit.
1239 1829 1401 1904 (ibid.
1434 1830 1611 1906 375.)
1657 1832 1875 1887 Amicos
1906 1849 2162 1904 magnam

226 1920 343 1974 eius
373 1937 559 1973 curam
601 1924 859 1991 gerentes
901 1917 1182 1989 penuriam
1221 1919 1365 1972 omni
1394 1919 1606 1972 ratione
1636 1912 1797 1974 ivisse
1826 1917 2162 1972 sublevatum

227 2004 490 2079 epistolae
522 2004 796 2058 Hamanni
832 2011 1114 2058 testantur.
1158 2002 1283 2078 (IV,
1319 2004 1492 2080 183.)
1523 2005 1720 2059 Intimo
1753 2005 2022 2059 amicitiae
2051 2003 2163 2058 vin-

127 2126 135 2131 »
228 2092 351 2147 culo
373 2090 593 2164 junctus
625 2097 743 2143 erat
767 2109 888 2144 cum
918 2089 1204 2159 Herder0,
1236 2110 1376 2163 quae
1407 2091 1626 2164 quidem
1657 2092 1892 2146 amicitia
1922 2091 2162 2164 epistolis

229 2178 569 2245 continuata,
610 2177 802 2243 vitam,
844 2176 1014 2248 qualis
1055 2174 1246 2245 fuerit,
1285 2186 1580 2246 monstrat,
1622 2176 1718 2252 (V,
1767 2178 1863 2247 19,
1895 2180 1995 2246 44,
2028 2175 2161 2253 57.)

227 2284 437 2338 nosque
479 2263 693 2336 saepius
733 2262 885 2335 cogit
924 2260 1108 2331 fateri,
1139 2283 1316 2337 neque
1346 2265 1566 2318 morbos
1600 2262 1697 2339 (V,
1730 2266 1829 2332 34,
1865 2262 2037 2340 185.)
2068 2284 2165 2319 ne-

231 2370 346 2425 que.
364 2349 687 2422 multiplices
718 2349 1116 2422 aegritudineS,
1146 2351 1394 2424 malaque
1425 2350 1724 2406 domestica
1757 2348 1854 2425 (V,
1887 2352 1986 2420 95,
2026 2351 2166 2421 116,

237 2439 378 2507 120,
414 2437 553 2505 131,
589 2438 728 2504 171,
764 2437 903 2505 180,
939 2436 1111 2512 178.)
1144 2447 1393 2492 avertere
1421 2438 1529 2492 tale
1557 2439 1840 2511 ingenium
1863 2439 2106 2512 potuisse
2136 2457 2169 2491 a

232 2523 421 2579 studiis
464 2533 628 2596 atque
668 2522 943 2577 laboribus
973 2522 1163 2577 litteris
1195 2523 1458 2579 dedicatis
1491 2523 1588 2599 (V,
1625 2527 1764 2592 138,
1800 2526 1939 2594 176,
1976 2523 2167 2600 188)

234 2612 450 2666 Morum
493 2610 607 2666 eius
646 2609 885 2664 indolem
933 2609 1063 2663 nihil
1114 2612 1289 2685 magis
1342 2611 1612 2678 declarat,
1651 2632 1810 2685 quam
1856 2610 2169 2686 conjugium

237 2717 359 2753 cum
388 2696 566 2769 puella
596 2697 830 2752 obsculo
861 2696 984 2751 loco
1014 2706 1139 2751 nata
1169 2698 1382 2767 initum,
1414 2699 1564 2752 cuius
1596 2699 1683 2753 hic
1726 2699 1905 2753 obiter
1943 2700 2170 2755 mentio-

236 2804 362 2838 nem
388 2781 644 2850 facimuS,
673 2783 1039 2856 illegitimum,
1072 2782 1553 2859 (Gewissensehe)
1599 2787 1748 2840 cuius
1778 2796 2023 2855 naturam
2054 2786 2170 2857 ipse

236 2873 288 2927 in
321 2869 549 2942 epistola
578 2824 648 2924 ad
675 2870 991 2924 Herderum
1035 2868 1131 2945 (V,
1168 2870 1339 2947 193.)
1383 2880 1439 2927 et
1475 2872 1543 2926 ad
1589 2873 1982 2928 Buchholzium
2014 2869 2169 2944 (VII,

242 2955 417 3032 162.)
450 2955 762 3029 descripsit,
793 2976 900 3029 qua
937 2976 1003 3011 ex
1034 2957 1210 3011 desc!
1196 2958 1400 3030 1pt10ne
1431 2966 1691 3032 apparet,
1717 2979 1777 3013 se
1805 2958 1917 3013 fide
1947 2978 2012 3012 ac
2042 2976 2170 3031 pro-

237 3045 407 3098 bitate
437 3051 652 3096 servata
692 3040 912 3119 conjugi
943 3051 999 3099 et
1025 3044 1239 3113 liberis,
1269 3064 1405 3118 quos
1438 3065 1505 3099 ex
1537 3066 1601 3099 ea
1630 3045 1843 3114 habuit,
1872 3045 2040 3118 patris
2072 3063 2169 3118 op-

238 3131 354 3185 timi
384 3127 565 3183 officia
595 3137 905 3183 constanter
941 3131 1287 3202 praestitisse.
1374 3132 1592 3184 Interea
1632 3132 1698 3185 ab
1730 3131 1920 3186 amico
1935 3131 2172 3204 quodam

239 3217 295 3272 ἰιι
325 3236 391 3271 eo
424 3217 691 3271 excitatur
718 3236 871 3288 spes,
899 3213 1021 3270 fore
1050 3225 1110 3270 ut
1137 3217 1349 3271 meliori
1384 3236 1512 3271 mox
1539 3218 1615 3272 uti
1643 3219 1816 3294 possit
1844 3217 2170 3273 conditione.

242 3301 489 3372 A'daucta
518 3302 670 3358 simul
701 3311 823 3356 sunt
851 3304 1088 3357 muneris
1119 3302 1406 3358 commoda
1447 3311 1611 3378 atque
1653 3305 2042 3373 emolumenta,
2073 3301 2171 3378 (V,

246 3389 400 3456 205,
421 3390 562 3445 211.
592 3409 731 3445 anno
762 3389 1298 3466 MDCCLXXVII.)
1328 3423 1416 3432 ——-
1453 3411 1579 3445 nam
1607 3411 1747 3447 nova
1778 3392 1828 3446 ei
1855 3390 2173 3446 tradebatur

244 3474 547 3547 provincia,
584 3484 669 3540 -*÷-
707 3496 817 3531 non
865 3477 981 3534 sine
1020 3477 1416 3550 impedimentis
1462 3478 1696 3534 animum
1749 3486 1804 3532 et
1841 3477 2173 3533 alacritatem

245 3559 516 3618 scribendi
544 3563 895 3622 turbantibus
983 3563 1269 3620 Molestiae
1297 3575 1478 3621 autem
1516 3586 1641 3621 cum
1671 3583 1894 3637 munere
1922 3563 2010 3618 illo
2043 3582 2171 3621 con-
