2418 3854
1201 166 1282 227 16

280 362 401 398 esse
430 342 647 417 quidem
679 341 978 411 videbatur,
1008 342 1248 415 quamvis
1275 361 1387 414 non
1416 353 1579 415 esset,
1610 347 1755 419 quod
1789 355 2079 418 amaretur,
2106 347 2206 404 sed

279 431 520 486 extitisse
548 449 648 504 per
674 437 845 483 totam
871 427 1037 483 vitam
1073 438 1542 505 propugnatorem
1584 439 1640 486 et
1678 439 1911 488 tutorem
1941 436 2204 491 maiorum

280 525 336 572 et
362 518 530 574 multo
560 514 929 571 efficaciorum
956 515 1123 589 ipsius
1151 517 1296 571 vitae
1328 516 1618 591 degendae
1647 519 2008 576 consiliorum.
2040 510 2206 582 Qu'od

278 623 388 659 non
415 604 587 659 solum
616 600 927 674 aequalibus
957 601 1071 657 eius
1114 610 1171 657 et
1209 604 1518 657 maioribus
1543 612 1599 657 et
1626 605 1919 661 minoribus
1946 602 2076 663 natu
2105 607 2204 660 do-

279 691 452 746 ctrina
479 688 711 743 maxime
740 688 1046 762 conspicuis
1073 708 1391 762 persuasum
1418 686 1546 757 fuit,
1576 689 1676 744 sed
1706 691 1868 744 etiam
1906 711 2005 749 nos
2033 693 2205 749 laudi·-

278 779 379 832 bus
407 775 601 830 merita
629 775 743 832 eius
774 774 1087 844 extulimus,
1115 775 1289 848 iisque
1318 793 1387 829 eo
1417 775 1737 845 maioribus,
1767 795 1876 850 quo
1905 780 2078 853 magis
2102 799 2206 847 *no-

279 864 402 918 stris
431 860 649 914 demum
676 861 1013 935 temporibus
1041 861 1374 915 intellectum
1415 869 1533 929 est,v
1563 862 1734 936 qualis
1774 860 1939 919 fuerit
1956 865 2204 923 Human—

278 967 396 1016 nuS‚
423 955 484 1002 ut
513 955 665 1001 recte
705 967 772 1002 ac
803 946 952 1020 juste
982 947 1053 1002 de
1084 966 1151 1001 eo
1174 945 1555 1020 judicaverint.
1643 951 1890 1004 Attamen
1921 970 1991 1004 ne
2018 960 2205 1008 nostro

279 1033 497 1109 quidem
523 1041 772 1107 tempore
801 1035 981 1107 iniqua
1022 1032 1093 1087 de
1135 1052 1203 1088 eo
1243 1032 1439 1089 desunt
1477 1033 1693 1091 iudicia.
1779 1036 1936 1098 Quae
1963 1038 2206 1111 Hegelio

276 1119 730 1195 reprehendenda
768 1121 821 1175 in
863 1139 929 1174 eo
973 1118 1321 1189 videbantur,
1351 1118 1490 1186 infra
1529 1131 1653 1177 sunt
1688 1142 1985 1196 perpensa,
2015 1125 2208 1198 quibus

276 1207 560 1282 perpensis
588 1206 734 1261 haud
765 1207 884 1276 erit,
914 1206 1040 1280 quin
1071 1208 1379 1262 contrariae
1417 1208 1644 1282 Hegelii
1684 1210 1984 1265 sententiae
2025 1230 2209 1266 assen-

278 1313 433 1350 surus
474 1294 558 1348 sit.
643 1292 1056 1349 Praemittenda
1095 1302 1275 1348 tamen
1317 1303 1442 1348 sunt
1492 1314 1585 1364 ea,
1627 1315 1766 1369 quae
1814 1294 2086 1370 Hegelius
2138 1296 2209 1351 de

277 1380 552 1438 Hamanni
589 1397 802 1434 morum
844 1379 1156 1435 conditione
1204 1400 1271 1435 ac
1312 1380 1609 1455 dignitate,
1649 1401 1785 1455 quos
1821 1383 1877 1437 in
1916 1384 2027 1438 fine
2065 1383 2208 1439 vitae

279 1467 633 1523 enarrationis
676 1466 991 1522 describere
1034 1466 1180 1521 haud
1219 1467 1450 1522 alienum
1491 1468 1625 1537 erit,
1665 1467 1814 1524 dixit.
1909 1469 2210 1543 Postquam

278 1556 422 1610 enim
452 1574 484 1608 e
514 1554 809 1627 conspicua
837 1554 1000 1608 animi
1038 1554 1338 1627 pertinacia
1373 1556 1674 1624 Hamanni‚
1704 1575 1845 1629 quae
1873 1555 2015 1611 adeo
2044 1556 2211 1615 male-e

277 1641 513 1697 volentia
542 1640 775 1695 dicenda
803 1641 901 1710 sit,
930 1659 1151 1714 pravam
1191 1638 1357 1695 fuisse
1399 1650 1454 1695 et
1492 1661 1805 1714 perversam
1834 1642 2212 1698 educationem

279 1726 530 1801 conjecit,
561 1726 714 1782 addit
740 1727 908 1782 haec:
950 1724 1090 1801 (Bd.
1119 1727 1297 1782 XVII.
1327 1728 1384 1782 S.
1418 1727 1551 1803 50.)
1591 1769 1625 1798 ‚,
1643 1728 1791 1783 Auch
1822 1730 1948 1783 kein
1978 1729 2212 1785 anderer

276 1816 443 1870 Keim
472 1833 541 1868 zu
571 1815 723 1869 einer
749 1815 971 1888 spatern
1000 1813 1209 1869 hohern
1249 1814 1730 1890 Selbsterziebung
1765 1835 1871 1870 von
1908 1815 2080 1871 Innen
2119 1816 2214 1871 hat

277 1902 393 1958 sich
421 1902 476 1955 in
504 1902 786 1956 Hamanns
814 1900 1037 1975 Jugend
1066 1900 1489 1975 hervorgethan‚
1517 1900 1667 1957 nicht
1692 1902 1891 1976 irgend
1921 1903 2042 1958 eine
2061 1903 2210 1958 Ροὲ-

278 1990 358 2044 sie
386 1989 441 2042 in
472 1987 654 2043 dieser
680 1988 1029 2058 Lebenszeit‚
1060 1987 1198 2043 oder
1228 2007 1380 2043 wenn
1409 2007 1529 2041 man
1563 1988 1664 2043 will
1691 1989 2073 2044 Phantasterei
2100 1988 2212 2045 und

278 2073 698 2146 Leidenschaft‚
730 2075 819 2129 die
861 2076 948 2130 ein
989 2093 1133 2130 zwar
1171 2073 1314 2128 noch
1355 2072 1591 2129 unreifes
1632 2063 1855 2145 ideales‚
1885 2076 2021 2131 aber
2047 2074 2213 2131 sentes

278 2163 553 2217 Interesse
594 2160 683 2216 fiir
726 2163 882 2216 einen
932 2160 1291 2235 Gegenstand
1339 2162 1608 2235 geistiger
1655 2162 1977 2237 Thatigkeit
2010 2161 2217 2218 enthiilt

278 2249 391 2304 und
420 2247 509 2303 fiir
540 2248 637 2303 das
667 2269 844 2323 ganze
872 2248 1065 2303 Leben
1096 2248 1448 2304 entscheiden
1470 2248 1659 2304 wird.“
1715 2250 1823 2304 Ubi
1845 2257 2026 2305 autem
2047 2250 2215 2304 ‘verba

282 2336 353 2390 de
392 2344 635 2390 extremo
686 2337 960 2390 Hamanni
996 2336 1139 2390 vitae
1186 2346 1465 2409 tempore,
1518 2354 1626 2409 quo
1679 2336 1734 2390 in
1782 2336 1998 2390 Jacobii
2047 2335 2213 2391 domo

279 2420 399 2494 fuit,
426 2420 574 2492 fecit,
601 2423 740 2477 haec
769 2422 962 2476 habet:

451 2510 613 2579 „Man
646 2509 785 2564 sieht
814 2509 935 2563 hier
965 2508 1096 2564 zwei
1137 2509 1365 2563 Manner
1406 2505 1842 2583 (Hamann-und
1880 2507 2111 2584 Jacobi)
2152 2527 2214 2562 so

367 2597 688 2670 gebrochen
717 2597 768 2650 in
800 2596 940 2665 sich,
982 2595 1083 2649 der
1109 2595 1428 2669 Belehrung
1465 2593 1561 2649 auf
1605 2594 1731 2649 dem
1758 2597 1940 2669 Wege
1968 2593 2215 2651 mensch-

365 2682 542 2737 lichen
573 2683 805 2737 Daseins
836 2702 904 2736 zu
933 2677 1115 2756 gehen
1155 2682 1297 2736 noch
1340 2701 1400 2735 so
1443 2681 1748 2755 bediirftig,
1793 2682 1882 2736 die
1918 2681 2090 2737 sehon
2126 2672 2216 2735 ein

367 2781 431 2824 s'o
461 2767 563 2823 ties
587 2771 867 2844 bewegtes
897 2769 1089 2823 Leben
1118 2767 1216 2822 des
1249 2768 1515 2822 Gemiiths
1545 2767 1896 2824 durchlaufen
1925 2768 2166 2824 hatten.“

415 2857 572 2918 Quae
602 2856 1051 2930 reprehensiones
1081 2863 1404 2927 repetuntur
1432 2863 1595 2928 atque
1625 2864 1896 2929 augentur
1917 2874 1950 2909 a
1973 2854 2213 2908 Gervino

282 2942 613 2998 hocmodo:
656 2941 914 3018 (Neuere
957 2941 1288 2996 Geschichte
1330 2941 1381 2996 d.
1425 2943 1572 3015 poet.
1602 2941 1915 2997 Nationalit.
1947 2941 2005 2996 S.
2036 2938 2212 3015 438.)

281 3030 863 3104 „Hamann's--ganzes
906 3029 1069 3084 Thun
1111 3028 1223 3082 und
1262 3028 1454 3083 Leben
1483 3029 1554 3083 ist
1580 3029 1634 3082 in
1663 3027 2043 3084 Wirklichkeit
2068 3025 2217 3080 nicht

284 3116 442 3171 allein
472 3116 718 3184 schwach
751 3115 861 3170 und
889 3114 1189 3184 sehlervoll‚
1218 3114 1452 3170 sondern
1480 3115 1666 3170 macht
1695 3115 1834 3170 auch
1863 3113 1953 3168 die
1983 3113 2215 3168 Praten-

285 3204 420 3272 sion,
450 3200 540 3255 fiir
569 3203 888 3275 wohlthiitig
928 3202 1039 3257 und
1079 3202 1250 3257 schiin
1279 3201 1591 3276 angesehen
1622 3221 1689 3256 zu
1719 3199 1952 3258 werden.
2035 3199 2216 3253 Keine

287 3289 503 3345 Griisse
530 3288 630 3342 der
657 3288 1052 3362 Denkungsart
1087 3289 1225 3343 oder
1252 3288 1750 3363 Handiungsweise
1777 3285 1955 3340 bricht
1984 3304 2079 3340 aus
2111 3285 2219 3340 den

283 3375 827 3432 breiten.Memoiren
856 3375 1032 3428 seines
1061 3375 1253 3429 innern
1279 3375 1498 3431 Lebens
1529 3373 1667 3448 (den
1699 3371 2039 3427 zahlreichen
2059 3372 2218 3428 Brie-

284 3461 374 3518 fen
405 3464 458 3517 in
491 3463 591 3517 der
618 3461 891 3535 Ausgabe*
919 3462 1099 3515 seiner
1136 3461 1342 3534 Werke
1385 3481 1489 3515 von
1517 3461 1614 3515 Fr.
1644 3459 1809 3514 Roth.
1847 3458 2062 3535 1821.)
2093 3458 2218 3513 her-

284 3570 401 3619 vor‚
433 3552 566 3605 aber
595 3548 751 3605 desto
782 3547 937 3603 mehr
965 3546 1287 3603 Unschiines
1316 3547 1427 3602 und
1455 3547 1698 3615 KleineS‚
1721 3546 1811 3612 bei
1835 3545 1935 3600 der
1965 3545 2221 3620 griissten
