2326 3874
1084 835 1190 893 DE

281 972 839 1103 HAMANNI
876 970 1167 1072 VITA
1214 972 1368 1072 ΕΤ
1430 943 2031 1071 SCRIPTIS.'
2085 958 2089 967 ’

1149 1322 1371 1358 Dunkelheirt
1390 1324 1439 1358 ist
1457 1324 1596 1368 gewiss
1615 1323 1696 1358 dem
1711 1323 1837 1359 Geiste
1855 1322 1955 1358 nicht
1972 1323 2112 1359 minder

1095 1380 1274 1425 peinlich,
1315 1381 1369 1414 als
1408 1381 1488 1416 dem
1517 1382 1639 1424 Auge,
1676 1382 1764 1415 aber
1786 1381 1861 1415 'die
1888 1381 2112 1416 Fiusterniss

1096 1437 1336 1480 aufzuhellen‚
1366 1449 1467 1481 muss
1489 1438 1725 1482 nothwendig
1753 1439 1845 1472 Lust
1873 1438 1946 1472 und
1964 1439 2112 1473 Wonne

1099 1497 1202 1536 sein,
1253 1505 1295 1529 so
1336 1496 1408 1528 viel
1447 1495 1574 1529 Arbeit
1612 1505 1653 1529 es
1695 1495 1786 1529 auch
1824 1496 1993 1538 gekostet
2030 1494 2108 1530 hat.

1156 1553 1286 1592 (David
1298 1553 1423 1592 Home,
1439 1551 1717 1595 Untersuchung
1737 1553 1825 1585 fiber
1849 1552 1918 1586 den
1936 1551 2111 1587 menschh

1154 1609 1347 1650 Verstand,
1377 1609 1505 1644 iibere.
1535 1619 1568 1644 v.
1599 1610 1846 1644 Tennemann.
1877 1608 1916 1643 S.
1949 1609 2017 1651 15.)

836 1913 1461 1991 PRAEFATIO.

183 2100 571 2212 opinionibus
607 2137 999 2191 consuetudine
1021 2145 1227 2191 tantum
1262 2137 1498 2210 receptis
1531 2143 1587 2191 et
1625 2130 1930 2192 hereditate
1967 2138 2121 2211 quasi

182 2225 411 2293 relictiS‚
456 2224 653 2297 quales
685 2223 884 2278 multae
926 2225 980 2277 in
1010 2225 1118 2278 vita
1163 2222 1640 2293 circumferuntur,
1682 2243 1751 2278 ne
1783 2224 1998 2278 omnino
2030 2243 2120 2279 ca-

185 2320 306 2367 reat
347 2311 456 2365 suis
498 2310 794 2379 illecebris,
838 2343 917 2351 ——
959 2331 1082 2364 nam
1123 2311 1317 2365 mirum
1367 2319 1625 2384 quantum
1663 2310 1909 2386 gaudent
1949 2311 2122 2365 horni-

186 2412 284 2457 nes
321 2397 634 2470 opinionum
674 2397 1028 2470 ambiguitate
1081 2407 1135 2452 et
1183 2399 1565 2467 fluctuatione,
1606 2430 1689 2439 —
1739 2398 1919 2453 locum
1962 2398 2124 2453 relin-

188 2503 440 2559 quamuS‚
486 2503 644 2557 quam
690 2484 781 2538 diu
823 2503 930 2537 non
976 2485 1105 2538 satis
1151 2483 1386 2539 dilucide
1426 2492 1713 2558 appareat,
1758 2505 1851 2539 eas
1882 2504 2003 2539 esse
2033 2493 2127 2540 aut

189 2590 413 2646 prorsus
444 2570 734 2640 absurdaS‚
784 2579 878 2625 aut
907 2572 1122 2624 omnino
1153 2572 1516 2644 periculosaS,
1559 2571 1645 2626 vel
1674 2570 1964 2645 prudentia
1994 2591 2125 2646 qua-

201 2658 327 2712 dam
366 2656 542 2725 ducti,
586 2658 672 2711 vel
712 2658 1111 2727 misericordia,
1157 2677 1252 2727 ne,
1300 2658 1427 2713 dum
1479 2658 1620 2713 vitae
1659 2658 1775 2712 illas
1818 2659 2125 2732 eripiamus9

193 2763 352 2799 omne
384 2743 531 2816 quod
559 2763 777 2798 suavem
807 2764 926 2798 eam
969 2745 1191 2813 reddat,
1237 2743 1559 2800 auferamus.
1645 2745 1958 2800 Istiusmodi
1993 2765 2125 2800 vero

194 2830 503 2904 opinioneS‚
545 2850 675 2903 quas
719 2832 773 2884 in
816 2831 922 2885 vita
967 2831 1279 2905 quotidiana
1321 2831 1468 2887 haud
1497 2832 1804 2887 detrimenti
1834 2829 2129 2906 quidquam

194 2925 480 2990 sequatur,
534 2936 776 2989 quasque
819 2937 917 2971 cur
952 2919 1200 2972 tollamus
1232 2938 1337 2973 non
1381 2920 1466 2990 sit,
1509 2928 1690 2974 tamen
1720 2921 1774 2973 in
1802 2919 1999 2989 literis,
2040 2937 2127 2973 ar-

193 3006 444 3077 tibusque
473 3001 604 3056 ferri
631 3003 740 3057 ullo
771 3013 932 3076 pacto
964 3014 1252 3078 nequeunt.

313 3092 385 3145 At
412 3109 542 3144 vero
586 3090 702 3163 quis
732 3092 1014 3146 maximam
1045 3110 1231 3145 earum
1271 3104 1392 3146 esse
1432 3092 1646 3164 copiam
1685 3099 1848 3166 atque
1887 3092 2130 3147 innume-

201 3177 426 3231 rabilem
466 3175 584 3231 fere
627 3196 860 3251 gregem
903 3184 1108 3252 neget?
1147 3209 1231 3218 —-
1263 3178 1440 3238 Quem
1480 3177 1684 3252 fugiat,
1727 3188 1788 3234 ut
1829 3180 2132 3253 exemplum

205 3263 430 3318 afferam
467 3261 633 3318 foeda
673 3265 775 3317 ista
817 3284 882 3318 ac
926 3265 1053 3319 satis
1105 3265 1232 3318 trita
1275 3265 1485 3337 ορὲῃίο,
1528 3265 1922 3340 philosophiam
1962 3267 2134 3339 ipsam

205 3347 335 3401 nihil
364 3368 500 3420 esse,
544 3352 644 3405 nisi
675 3351 963 3405 obscuram
991 3351 1338 3424 inutilemque
1367 3370 1550 3407 rerum
1579 3373 1686 3407 non
1719 3353 1790 3406 ad
1816 3354 1980 3407 vitam
2008 3355 2134 3425 per-

130 3509 132 3512 v
205 3435 483 3490 tinentium
513 3438 809 3510 scientiam,
854 3459 960 3514 qua
989 3438 1363 3495 abstinendum
1392 3439 1461 3495 sit
1490 3440 1687 3514 cuique
1719 3440 1877 3493 vitam
1908 3457 2136 3512 carpere

208 3521 408 3574 volenti
420 3527 446 3576 2
2058 3565 2061 3569 <

1637 3612 1663 3663 1
2129 3601 2326 3874 Κ
