2418 3854
1109 222 1191 283 63

186 399 415 475 Epoche
457 398 559 452 alle
599 397 984 453 Merkzeichen
1037 396 1382 467 vorhanden,
1439 395 1564 451 dass
1603 405 1768 453 etwas
1810 398 1996 455 Neues
2043 399 2116 455 im

187 491 415 561 Anzuge
456 486 555 554 ist,
610 485 721 539 und
771 485 860 539 die
901 485 1043 539 alten
1080 484 1322 538 Formen
1364 485 1920 541 zusammenstiirzen.·
2005 486 2116 541 Be—

187 574 414 629 sonders
453 571 869 626 Deutschland’s
917 569 1383 644 philosophisches
1425 571 1666 625 Treiben
1718 572 1888 627 bietet
1938 571 2117 627 dieses

188 659 507 732 Schauspiel
547 659 672 727 dar,
718 659 794 712 als
842 659 937 712 mit
975 658 1153 725 Kant,
1199 657 1300 711 der
1339 656 1490 710 diese
1534 657 1675 711 alten
1713 657 1954 712 Formen
1997 679 2118 712 zer-

186 749 524 814 triimmerte,
569 744 658 799 die
687 764 828 800 neue
857 738 1252 818 Morgenriithe
1282 742 1383 797 der
1410 742 1765 817 Philosophie
1798 746 1872 800 im
1902 745 2117 799 {iusser-

186 841 309 888 ston
340 833 511 886 Osten
557 831 654 885 des
684 830 996 905 gebildeten
1024 829 1292 904 Europa’s
1335 828 1574 885 wirklich
1604 831 1842 886 anbrach
1882 831 1993 886 und
2021 832 2119 886 mit

187 919 310 974 dem
355 920 517 992 'lage
570 918 716 973 eines
759 938 936 972 neuen
982 916 1200 972 Geistes
1253 916 1344 971 die
1384 916 1566 971 Nacht
1606 915 1766 990 jenes
1806 918 2118 1020 westlichen

186 1006 492 1061 Atheismus
524 1003 928 1060 verscheuchte.
932 1009 967 1037 ‘⁶

299 1092 496 1165 Neque
524 1090 826 1145 Kantium
811 1110 862 1144 m
894 1089 1336 1164 ingeniosissimis
1369 1097 1425 1142 et
1454 1089 1772 1145 acutissimis
1806 1111 1939 1146 suae
1968 1103 2119 1147 aeta-

184 1180 253 1234 tis
306 1177 639 1252 philosophis
687 1177 1078 1232 numerandum
1128 1196 1249 1230 esse
1301 1174 1523 1249 fugerat
1570 1178 1944 1246 Hamannum3
2008 1179 2118 1233 imo

188 1285 324 1339 opus
355 1265 488 1333 eiuS,
520 1265 606 1318 cui
638 1283 831 1318 nomen
862 1273 945 1318 est
972 1264 1199 1318 inditum
1227 1260 1446 1332 „Kritik
1472 1261 1572 1316 der
1595 1265 1781 1318 reinen
1803 1264 2121 1333 Vernunft‚“

184 1352 319 1408 tanti
363 1349 667 1405 faciendum
712 1371 832 1405 esse
874 1350 1212 1419 existimavit,
1257 1359 1316 1403 ut
1347 1348 1802 1422 quemadmodum
1838 1352 1890 1406 in
1921 1353 2121 1427 Anglia

184 1439 417 1512 primum
457 1438 532 1492 ita
561 1438 615 1490 in
643 1437 906 1492 Borussia
946 1438 1171 1492 alterum
1203 1437 1462 1490 Humium
1504 1438 1744 1491 extitisse
1773 1439 2123 1515 censeret*);

188 1525 388 1599 quippe
439 1543 546 1597 quo
586 1524 823 1579 tamdem
876 1544 1046 1597 opere
1087 1523 1549 1597 praestantissimo
1604 1523 1751 1578 edito
1791 1525 2122 1598 speculativa

176 1611 659 1685 ¹Spaldingiorum,
714 1612 1168 1665 Steinbartiorum
1223 1609 1450 1663 aliorum
1491 1609 1829 1683 philosophia
1869 1631 1974 1667 nec
2013 1632 2121 1667 non

185 1698 464 1753 iesuiticae
496 1698 987 1770 contemplationes·
1009 1697 1375 1750 obmutuerint
1406 1693 1544 1769 (ΙΙΙ,
1577 1697 1925 1774 212—13.)
1958 1719 2122 1772 quum

186 1780 420 1839 Kantius
469 1783 765 1837 secundum
823 1793 1029 1839 certam
1080 1782 1495 1856 argumentandi
1545 1783 1790 1856 regulam
1838 1785 1959 1839 fieri
2011 1805 2118 1840 non

186 1891 351 1946 posse
394 1870 737 1940 ostendisset,
782 1881 842 1925 ut
882 1870 1016 1924 deus
1059 1868 1525 1943 imperfectissima
1568 1889 1650 1936 ea,
1695 1891 1801 1943 qua
1841 1870 2123 1946 hucusque

188 1973 532 2032 cognoscere
572 1977 696 2011 eum
738 1957 942 2030 opinati
982 1967 1163 2011 essent
1201 1957 1413 2011 ratione
1454 1966 1908 2029 cognosceretur,
1951 1959 2118 2013 theis-

188 2063 333 2099 mum
354 2043 725 2117 impugnando
749 2043 820 2097 ad
844 2044 1047 2098 altioris
1080 2044 1405 2118 cognitionis
1427 2041 1604 2097 fontes
1626 2043 1952 2118 ablegasset.
1976 2043 2120 2120 (III,

190 2130 540 2206 212—14.)

303 2218 420 2272 Iam
464 2235 626 2290 quum
655 2217 974 2271 Hamannus
1012 2217 1119 2270 iam
1159 2225 1370 2271 mature
1399 2216 1586 2270 Kantii
1625 2217 1856 2272 acumini
1885 2217 2124 2292 undique

187 2303 568 2378 perlustrando
614 2312 670 2357 et
706 2303 1088 2377 perspiciendo
1129 2323 1188 2357 se
1228 2322 1416 2377 parem
1459 2323 1564 2356 non
1606 2323 1727 2357 esse
1772 2301 1912 2379 (ΙΙΙ,
1949 2305 2122 2382 180.)

189 2391 595 2464 incomparabili
626 2389 858 2463 quadam
889 2391 1049 2444 animi
1080 2389 1392 2445 sinceritate
1422 2388 1701 2444 confessus
1731 2392 1799 2446 sit
1829 2411 1895 2446 ac
1923 2401 2120 2466 postea

190 2479 384 2546 etiam,
427 2485 763 2550 quantopere
802 2477 890 2532 ille
929 2478 1031 2551 ipsi
1070 2485 1375 2550 praestaret
1415 2478 1716 2550 sagacitate
1759 2480 2122 2547 concesserit3

193 2562 320 2638 (VI,
352 2564 496 2633 365,
534 2564 627 2618 ubi
656 2563 793 2618 haec
824 2564 894 2618 de
923 2585 984 2618 se
1014 2563 1170 2618 dicit:
1214 2565 1395 2633 „Mein
1435 2583 1616 2618 armer
1643 2562 1800 2637 Kopf
1834 2566 1905 2620 ist
1933 2584 2120 2641 gegen

191 2650 383 2705 Kant’s
414 2650 500 2704 ein
529 2649 931 2705 zerbrochener
960 2649 1114 2724 'I'opf
1139 2682 1224 2692 —-
1254 2649 1414 2704 Thon
1448 2670 1634 2725 gegen
1663 2651 1901 2728 Eisen“)
1940 2661 2123 2708 tamen

191 2739 299 2791 iam
340 2745 588 2810 tempore
629 2756 696 2791 eo
711 2779 727 2806 ,
773 2757 880 2811 quo
924 2737 1199 2811 plerisque
1239 2738 1425 2792 Kantii
1464 2737 1593 2791 illud
1634 2757 1771 2810 opus
1800 2737 2124 2812 perdifficile

192 2833 311 2878 erat
339 2823 613 2878 intellectu
641 2843 818 2897 neque
851 2843 984 2878 unus
1014 2822 1131 2880 fere
1160 2825 1459 2897 periculum
1492 2825 1606 2878 eius
1629 2821 1764 2878 falso
1787 2825 2126 2898 intelligendi

192 2911 509 2984 eflugiebat,
555 2929 585 2963 a
615 2910 921 2965 Kantianae
950 2910 1324 2984 philosophiae
1356 2912 1687 2985 cognitione,
1734 2931 1840 2985 qua
1870 2911 1997 2985 quin
2026 2913 2125 2967 im-

132 3020 137 3025 *
189 2997 351 3052 butus
391 2994 555 3050 fuerit
595 2996 811 3050 dubium
851 3017 972 3051 esse
1013 2999 1215 3070 nequit,
1261 2999 1515 3052 continuo
1555 2998 1626 3051 ad
1657 3017 1740 3066 ea,
1784 3017 1925 3071 quae
1953 2999 2007 3053 in
2036 2999 2126 3054 illa

190 3081 532 3156 philosophia
562 3080 696 3136 falsa
728 3093 909 3137 essent
938 3083 1362 3137 demonstrando
1392 3085 1644 3152 transire,
1677 3104 1909 3158 eumque
1928 3085 2126 3156 locum,

194 3189 301 3243 quo
345 3168 670 3224 refellendus
712 3179 856 3224 esset
897 3170 1247 3243 philosophus
1278 3169 1523 3224 indicare
1554 3171 1808 3243 potuerit,
1851 3172 2034 3226 mirari
2064 3173 2126 3226 li-

197 3256 315 3310 cet(
386 3255 525 3311 Vide
555 3257 648 3324 VI,
684 3258 822 3311 181.
909 3257 1022 3326 „Es
1054 3256 1189 3311 wird
1217 3256 1431 3330 wenige
1466 3258 1664 3330 geben,
1710 3249 1798 3311 die
1827 3258 1918 3312 ihn
1948 3257 2127 3313 fassen

193 3340 478 3410 werden;“
522 3351 578 3398 et
605 3364 656 3416 p.
695 3343 833 3397 190.
878 3342 1012 3413 „Ich
1052 3341 1217 3413 finde,
1262 3342 1388 3397 dass
1435 3343 1536 3397 der
1563 3344 1741 3399 Inhalt
1784 3343 1891 3398 den
1920 3345 2127 3419 Fiihig-

201 3428 383 3483 keiten
413 3429 655 3507 weniger
682 3427 868 3505 Kiipfe
909 3448 1266 3506 angemessen
1295 3429 1380 3502 ist,
1426 3429 1535 3487 und
1576 3430 1699 3486 dass
1731 3451 1854 3485 man
1883 3430 1988 3487 den
2018 3434 2129 3487 Au-

309 3625 354 3675 *J
385 3626 465 3679 111,
499 3620 598 3668 186.
