2418 3854
1108 199 1190 258 57

189 378 352 447 verit,
386 377 772 449 vituperemuS,
801 383 861 429 ut
888 374 1196 443 laudemuS,
1228 368 1574 448 quipPe³qua
1612 372 2017 446 perscrutandi,
2059 380 2115 426 et

189 462 490 537 inquirendi
541 461 797 516 methodo
862 461 932 515 ad
981 461 1311 534 peculiarem
1374 469 1582 514 suamet
1631 460 1796 532 ipsius
1848 457 2112 513 sentiendi

190 550 498 625 agendique
537 548 771 602 indolem
811 547 1165 621 excolendam
1204 548 1510 601 necessario
1557 546 1607 600 ei
1646 544 1810 601 fuerit
1835 545 2111 600 utendum.

188 640 312 692 Jam
353 635 498 709 quod
542 654 573 688 a
611 617 985 708 philosophiae
1026 633 1444 702 consuetudine,
1486 652 1645 706 quam
1687 632 1850 687 veluti
1877 632 2113 686 innatam

191 723 291 778 sibi
332 722 704 790 adamaverat,
745 740 865 775 sese
914 720 1205 774 abalienari
1252 739 1360 774 non
1412 739 1602 793 passus
1656 727 1764 788 est,
1803 737 2004 792 magna
2044 736 2112 771 ex

191 817 346 883 parte
385 807 727 862 tribuendum
768 807 980 883 videtur
1021 807 1347 884 commercio
1360 848 1377 876 ,
1417 805 1564 880 quod
1605 825 1795 878 supra,
1838 824 2001 879 quum
2042 802 2114 858 de

191 896 454 955 eiusvita
494 912 811 968 ageremuS,
852 893 969 966 ipsi>
995 913 1117 947 cum
1156 886 1359 947 Kantio
1383 902 1433 946 'a
1473 904 1646 965 puero
1686 891 1812 946 inde
1840 911 2014 965 usque
2042 889 2115 944 a'd

189 983 332 1035 vitae
361 983 524 1035 finem
553 981 923 1034 intercessisse
951 981 1300 1035 narravimus
1335 1019 1337 1022 -
1387 980 1636 1034 Pertinet
1670 979 1776 1032 huc
1807 997 2024 1052 quoque
2052 966 2137 1030 il-a*

188 1067 282 1122 lud
321 1066 467 1140 quod
508 1067 736 1120 Jacobio
778 1067 1019 1138 scripsit:
1063 1064 1187 1140 (IV,
1222 1068 1277 1135 3,
1311 1068 1453 1135 202,
1487 1064 1661 1140 203.)
1706 1066 1892 1134 „Kant
1928 1065 2000 1118 ist
2028 1053 2116 1118 e'in

188 1152 388 1224 „Mann
429 1172 532 1206 von
575 1153 713 1206 eben
758 1171 818 1205 so
861 1171 1090 1225 grossen
1133 1153 1429 1221 Talenten,
1472 1152 1548 1206 als
1589 1161 1758 1225 guten
1802 1150 1912 1205 un‘d
1955 1150 2115 1205 edlen

186 1240 633 1312 „Gesinnungem
665 1237 765 1292 der
793 1238 908 1293 sich
936 1257 1041 1293 von
1063 1239 1440 1293 Vorurtheilen
1472 1238 1599 1292 sehr
1628 1239 1942 1312 begeistern
1969 1237 2116 1306 lasst,

188 1327 359 1397 „aber
406 1325 520 1380 sich
571 1324 719 1379 nicht
767 1325 999 1393 schamt,
1049 1325 1259 1399 selbige
1298 1346 1366 1379 zu
1408 1324 1759 1394 widerrufen,
1813 1324 2116 1398 abzulegen

189 1412 336 1482 „und
365 1431 432 1466 zu
460 1411 808 1486 verleugnen.
866 1411 964 1466 Ich
993 1412 1134 1466 habe
1163 1413 1260 1468 mit
1283 1413 1395 1470 ihm,
1417 1412 1584 1467 schon
1610 1411 1875 1466 manchen
1898 1411 2117 1465 Strauss

188 1498 336 1569 „und
365 1498 635 1553 bisweilen
667 1498 914 1551 offenbar
943 1498 1171 1553 unrecht
1200 1499 1430 1572 gehabt3
1483 1517 1545 1552 er
1583 1500 1653 1554 ist
1694 1498 1885 1552 darum
1924 1498 2119 1552 immer

188 1585 369 1655 „mein
421 1583 644 1640 Freund
690 1584 1050 1657 'geblieben.“-
1125 1586 1297 1640 Cuius
1343 1586 1443 1639 viri
1485 1584 1814 1653 doctrinam,
1855 1585 1957 1638 etsi
2007 1601 2116 1638 non

189 1671 440 1746 probavit
477 1672 821 1739 HamannUS,
861 1679 1042 1725 tamen
1085 1691 1150 1725 ea
1189 1672 1498 1743 impellente
1534 1670 1952 1725 familiaritatem
1995 1689 2121 1725 cum-

188 1757 574 1833 philosophicis
612 1756 749 1810 illius
788 1758 1049 1830 temporis
1091 1757 1381 1831 disciplinis
1423 1758 1603 1812 iniisse
1634 1777 1756 1812 eum
1786 1757 1980 1830 negari
2007 1775 2117 1810 non

188 1843 419 1918 poterit,
461 1842 517 1897 id
561 1842 709 1916 quod
748 1833 1056 1916 supra'iam
1097 1845 1336 1899 breviter
1364 1845 1657 1918 attigimus,
1700 1906 1706 1912 .
1743 1846 1874 1898 Huc
1904 1841 2120 1898 accedit

189 1924 585 1985 Hufnianorum
626 1948 882 2002 operum,
924 1939 1152 2003 quorum
1192 1951 1354 1986 unum
1386 1932 1546 1985 etiam
1576 1933 1630 1985 in
1659 1931 1896 2005 linguam
1925 1948 2120 1984 verna-

193 2017 369 2072 culam
397 2007 681 2084 transtulit,
712 2017 762 2069 in
793 2016 938 2088 idem
968 2025 1180 2090 tempus
1209 2017 1451 2072 incidens
1481 2018 1733 2087 studium,
1766 2018 1916 2072 cuius
1947 2024 2003 2071 et
2035 2016 2117 2089 ip-

190 2104 300 2158 sius
331 2122 494 2175 supra
523 2102 848 2156 mentionem
877 2104 1169 2158 iniecimus.
1259 2104 1421 2165 Quod
1463 2104 1724 2173 studium,
1769 2110 2020 2177 quantam
2062 2103 2117 2155 in

190 2199 433 2244 nostrum
476 2189 796 2261 scriptorem
835 2190 942 2243 vim
981 2189 1256 2258 habuerit,
1288 2191 1490 2264 optime
1518 2191 1834 2265 intelligitur
1864 2209 1931 2244 ex
1959 2190 2117 2258 libro,

191 2295 350 2350 quem
378 2276 746 2348 „Kreuzziige
777 2275 873 2330 des
903 2276 1266 2350 Philologen“
1292 2278 1589 2350 inscripsit,
1618 2279 1671 2331 in
1703 2297 1810 2351 quo
1851 2295 1958 2331 non
1998 2284 2118 2330 tan·-

190 2372 303 2417 tum
341 2362 530 2416 Humii
569 2362 779 2434 scepsin
823 2362 893 2416 ad
935 2363 1313 2417 convellendas
1352 2365 1677 2418 inveteratas
1709 2364 1990 2436 opiniones
2021 2361 2118 2416 ad-

191 2449 362 2503 hibuit
405 2445 588 2522 (suam
626 2449 695 2502 de
724 2448 836 2503 fide
867 2449 1166 2504 doctrinam
1195 2451 1248 2504 in
1278 2452 1467 2504 Humii
1498 2470 1667 2523 opera
1698 2450 1767 2504 de
1797 2458 1990 2504 natura
2018 2449 2118 2503 hu-

194 2551 376 2602 mana,
405 2543 657 2608 tanquam
687 2536 739 2588 in
770 2533 1120 2591 fundamento
1151 2537 1383 2609 positam
1413 2557 1534 2591 esse
1563 2538 1680 2610 ipse
1709 2546 1924 2606 narrat,
1951 2537 2116 2591 Jaco-

192 2622 267 2674 bii
298 2622 466 2692 Oper.
495 2622 588 2690 IV,
622 2623 677 2690 3,
711 2623 862 2676 340:
906 2622 1040 2691 „Ich
1071 2623 1212 2678 habe
1244 2644 1301 2678 es
1332 2613 1553 2691 studirt',
1585 2625 1687 2678 ehe
1716 2624 1804 2678 ich
1831 2624 1923 2678 die
1953 2623 2114 2677 Sokr.

192 2703 455 2777 „Denkw
496 2707 706 2762 schrieb
746 2700 858 2763 und
897 2710 1174 2764 verdanke
1224 2712 1402 2765 meine
1453 2710 1638 2764 Lehre
1692 2730 1815 2765 vom
1866 2710 2117 2764 Glauben

194 2795 333 2848 eben
376 2793 658 2848 derselben
713 2795 1000 2872 Quelle.“)
1054 2817 1241 2851 verum
1293 2799 1450 2852 etiam
1504 2817 1671 2869 penes
1722 2796 2117 2870 philosophiam

191 2900 354 2934 unam
394 2879 464 2932 de
503 2880 687 2953 lingua
729 2882 1019 2936 decidendi
1057 2884 1140 2937 ius
1181 2891 1236 2938 et
1275 2894 1602 2956 potestatem
1643 2904 1764 2938 esse
1805 2881 2116 2937 declaravit.

193 2967 410 3021 Etenim
451 2985 614 3039 quum
653 2968 915 3041 principia
957 2969 1177 3042 linguae
1207 2970 1275 3024 ad
1307 2971 1702 3043 similitudinem
1732 2969 2117 3042 principiorum

196 3054 336 3122 eiuS,
381 3072 486 3126 qua
526 3053 642 3125 quis
685 3055 850 3108 utitur
889 3056 1153 3109 sentiendi
1194 3065 1249 3110 et
1277 3054 1488 3110 morum
1517 3056 1752 3109 indolem
1782 3075 1848 3110 ac
1877 3055 2118 3109 habitum

197 3137 404 3207 efficta,
449 3139 812 3212 adaptataque
853 3161 974 3195 esse
1002 3143 1195 3215 negari
1222 3151 1473 3215 nequeat,
1503 3142 1807 3215 philosophi
1839 3162 1959 3196 esse
1990 3161 2115 3196 cen-

199 3234 306 3294 set,
349 3245 414 3280 ea
457 3245 596 3299 quae
640 3225 1010 3281 diversissimis
1051 3228 1183 3282 locis
1214 3237 1269 3282 et
1296 3230 1630 3301 temporibus
1660 3228 2032 3284 animadversa
2063 3235 2119 3281 et

203 3312 487 3366 observata
527 3322 675 3380 sunt,
718 3313 787 3366 ad
818 3313 1078 3386 simplicia
1106 3315 1370 3387 principia
1409 3335 1669 3370 revocare
1702 3326 1756 3369 et
1783 3317 1835 3369 in
1867 3316 2117 3369 universa

199 3415 405 3469 genera
443 3417 507 3452 ac
546 3399 755 3471 species
796 3400 1069 3474 redigere.
1156 3402 1230 3454 Iis
1272 3403 1439 3472 enim,
1483 3422 1622 3475 quae
1662 3402 1970 3475 singulatim
2000 3400 2112 3453 ani-

200 3482 483 3536 madversa
522 3493 577 3538 et
616 3486 901 3542 observata
938 3487 1042 3541 sint
1082 3506 1271 3559 parum
1317 3498 1410 3544 au't
1448 3489 1575 3542 nihil
1605 3489 1822 3560 probari
1852 3496 1944 3541 aut
1972 3484 2117 3541 refu-

198 3569 329 3636 tari3
376 3569 831 3646 certissimamque
872 3573 941 3628 ad
981 3575 1143 3629 finem
1187 3576 1453 3649 quendam
1504 3574 1852 3647 perveniendi
1897 3574 2036 3628 viam
2065 3573 2118 3627 in
